1695 2724
302 319 350 356 20
696 328 735 354 u.
767 328 904 355 'runnu
935 327 1147 355 CICERONIS

300 418 351 453 ‘tu
369 429 443 453 non
462 419 581 453 solum
599 418 647 452 ad
665 417 907 462 negligendas
925 418 1028 461 leges
1046 423 1082 451 et
1100 415 1349 461 quaestiones,
1361 425 1488 449 verum

300 475 412 511 etiam
426 476 474 510 ad
488 475 706 510 evertendas
724 474 1078 519 perfringendasque
1092 473 1248 508 valuisti.
1293 471 1488 518 Superiora

301 534 373 578 illa,
399 544 624 578 quamquam
659 533 812 567 ferenda
845 544 919 567 non
954 533 1111 575 fuerunt,
1145 538 1269 566 tamen
1304 537 1344 566 ut
1376 528 1488 575 potui,

301 592 386 628 tuli:
411 603 509 626 nunc
529 603 616 625 vero
642 602 702 625 me
727 597 843 625 totam
870 602 951 625 esse
970 590 1007 624 in
1025 581 1126 624 maftu
1145 595 1295 634 propter
1311 599 1428 633 unum
1443 594 1489 631 te,

301 649 481 696 quidquid
523 648 744 692 increpuerit
787 647 985 683 Catilinam
1027 647 1158 690 timeri,
1193 646 1334 680 nullum
1373 643 1490 680 videri

301 715 429 744 contra
454 719 514 742 me
540 707 735 742 consilium
763 706 843 740 iniri
871 717 991 751 posse,
1009 706 1110 751 quod
1136 716 1159 739 a
1183 711 1246 740 tuo
1272 703 1411 738 scelere
1427 703 1490 738 ab·

301 768 459 809 horreat,
477 764 565 800 “non
592 771 647 799 est
673 764 874 799 ferendum.
927 763 1180 808 Quamobrem
1205 761 1356 796 discede
1380 767 1491 806 atque

301 826 399 859 hunc
420 823 509 858 mihi
534 822 705 857 timorem
731 821 844 866 eripe,
868 820 897 855 si
923 827 979 856 est
1004 832 1122 864 verus,
1140 819 1201 855 '‘ne
1218 818 1417 864 opprimar,
1434 817 1491 853 sin

301 882 426 925 salsus,
441 887 479 915 ut
497 880 650 915 tandem
667 880 868 925 aliquando
886 879 1016 914 timere
1034 878 1224 913 desinam)

348 962 563 1005 VIII.——19.
601 962 706 995 Haec
739 960 769 995 si
803 967 937 1004 tecum,
971 966 1009 994 ut
1043 958 1129 1003 dixi,
1163 958 1281 1003 patria
1313 958 1491 1001 loquatur,

302 1031 426 1056 nonne
444 1019 654 1064 ¹impetrare
672 1018 817 1060 debeat,
837 1016 948 1051 etiam
974 1016 1004 1050 si
1025 1016 1099 1050 vim
1123 1016 1300 1050 adhibere
1318 1027 1391 1049 non
1409 1026 1492 1060 pos-

303 1079 370 1114 sit?
404 1076 540 1121 ²Quid?
577 1075 686 1119 Quod
700 1082 737 1109 tu
753 1082 788 1109 te
807 1075 885 1119 ipse
898 1072 950 1108 ⁸in
968 1073 1176 1108 custodiam
1193 1072 1350 1108 dedisti?
1384 1072 1492 1116 Quod

302 1134 476 1170 vitandae
495 1131 715 1177 suspicionis
734 1143 846 1166 causa
863 1130 975 1175 ⁴apud
995 1131 1056 1164 M'.
1076 1129 1254 1175 Lepidum
1271 1136 1307 1164 te
1324 1128 1493 1163 habitare

302 1193 396 1227 velle
421 1190 566 1225 dixisti?
620 1192 649 1223 Α
678 1200 750 1234 quo
776 1200 850 1222 non
877 1194 1046 1232 receptus
1072 1187 1184 1222 etiam
1210 1187 1258 1221 ad
1283 1198 1342 1221 me
1367 1185 1492 1222 venire

302 1262 413 1286 ausus
443 1261 494 1293 es,
520 1256 631 1293 atque
665 1254 703 1282 ut
737 1246 836 1281 domi
871 1258 977 1281 meae
1007 1253 1043 1281 te
1073 1246 1311 1280 adservarem
1343 1244 1491 1290 rogasti·

305 1310 399 1344 Cum
416 1319 439 1343 a
455 1319 515 1341 me
533 1317 679 1351 quoque
702 1305 740 1339 id
765 1316 984 1349 responsum
1009 1303 1168 1347 tulisses,
1184 1315 1245 1338 me
1262 1303 1362 1338 nullo
1379 1303 1492 1337 modo

303 1377 413 1412 posse
436 1365 571 1399 ⁵isdem
599 1362 799 1408 parietibus
825 1369 903 1397 tuto
929 1373 1012 1397 esse
1038 1368 1174 1405 tecum,
1200 1360 1260 1406 qui
1291 1372 1430 1405 magno
1454 1360 1492 1396 in

303 1424 466 1470 periculo
492 1433 613 1457 essem
639 1421 738 1466 quod
768 1419 887 1454 isdem
914 1419 1107 1454 moenibus
1137 1419 1419 1463 contineremur,
1443 1419 1490 1454 ad

302 1484 357 1527 ⁸Q.
395 1481 585 1516 Metellum
619 1486 828 1524 praetorem
858 1477 1010 1512 venisti:
1045 1489 1068 1512 a
1097 1489 1170 1523 quo
1199 1477 1414 1522 repudiatus
1442 1476 1491 1512 ad

303 1540 471 1574 sodalem
488 1545 603 1581 tuum,
617 1537 749 1571 ''virum
767 1535 960 1580 optimum,
984 1535 1035 1569 M.
1057 1534 1250 1569 Metellum
1264 1534 1490 1579 demigrasti,

303 1608 414 1642 quem
431 1602 470 1631 tu
487 1594 673 1629 ⁸videlicet
692 1600 727 1628 et
746 1593 795 1627 ad
813 1591 1096 1627 custodiendum
1114 1591 1437 1636 diligentissimum
1454 1598 1490 1627 et

302 1655 350 1689 ad
368 1653 631 1699 suspicandum
650 1650 931 1695 sagacissimum
954 1656 990 1684 et
1005 1649 1068 1684 ”ad
1091 1649 1355 1684 vindicandum
1371 1649 1491 1685 fortis-

303 1713 438 1746 simum
464 1711 541 1745 fore
566 1709 712 1754 putasti.
771 1708 843 1742 Sed
871 1718 983 1752 quam
1009 1707 1117 1751 longe
1142 1707 1287 1741 videtur
1303 1718 1326 1742 a
1342 1718 1490 1743 carcere

302 1778 412 1815 atque
438 1767 592 1802 vinculis
621 1767 753 1801 abesse
780 1765 927 1808 debere,
951 1763 1040 1809 ¹⁰qui
1067 1775 1106 1798 se
1131 1763 1210 1808 ipse
1230 1764 1310 1809 jam
1335 1764 1490 1810 dignum

301 1827 471 1864 custodia
491 1825 686 1872 judicarit?
721 1817 723 1820 ⁸
745 1835 798 1870 20.
824 1823 945 1868 ¹Quae
974 1835 1058 1858 cum
1085 1823 1136 1858 ita
1165 1822 1249 1865 sint,
1274 1823 1433 1868 dubitas,
1458 1823 1489 1860 si

301 1885 429 1921 ²emori
448 1896 566 1930 aequo
584 1883 709 1918 animo
730 1893 804 1917 non
831 1888 949 1927 potes,
969 1880 1071 1915 abire
1096 1879 1134 1915 in
1159 1879 1302 1925 aliquas
1319 1886 1436 1917 terras
1452 1888 1490 1919 et

301 1943 415 1978 vitam
440 1943 562 1984 istam,
587 1940 711 1975 multis
737 1938 927 1985 suppliciis
947 1937 1056 1983 justis
1082 1937 1288 1983 debitisque
1313 1945 1491 1985 ereptam,

300 2002 408 2046 fugae
440 1998 703 2044 solitudinique
732 1997 935 2032 mandare?
982 1994 1121 2039 ³Refer,
1148 1995 1281 2039 inquis,
1305 1996 1354 2030 ad
1382 2007 1483 2032 sena-

300 2068 396 2101 tum;
423 2058 460 2093 id
478 2057 578 2092 enirn
595 2057 771 2101 postulas,
790 2055 886 2099 et‚·si
909 2054 969 2088 hic
993 2054 1084 2088 ordo
1100 2052 1184 2088 4sibi
1201 2053 1348 2098 placere
1364 2054 1488 2089 decre-

299 2116 389 2151 verit
423 2123 459 2151 te
492 2116 544 2150 ire
578 2113 616 2149 in
650 2113 808 2155 exilium,
840 2112 1179 2156 obtemperaturum
1209 2117 1246 2145 te
1275 2122 1357 2145 esse
1383 2111 1486 2147 dicis.

300 2175 386 2208 Non
405 2173 574 2215 referam,
595 2170 631 2205 id
651 2170 749 2215 quod
767 2168 954 2204 ⁵abhorret
971 2179 994 2202 a
1010 2166 1104 2202 meis
1121 2166 1296 2206 moribus,
1310 2174 1346 2202 et
1362 2174 1488 2203 tamen

298 2231 431 2267 faciam
449 2237 486 2265 ut
505 2228 699 2272 intelligas,
719 2227 807 2273 quid
830 2227 867 2261 hi
889 2226 935 2260 de
958 2232 995 2260 te
1017 2224 1186 2260 sentiant.
1238 2225 1427 2269 Egredere
1445 2238 1489 2261 ex

297 2288 396 2331 urbe,
420 2287 590 2329 Catilina,
612 2286 728 2320 libera
754 2296 832 2319 rem
858 2283 1043 2329 publicam
1071 2289 1180 2325 metu,
1200 2282 1237 2316 in
1261 2282 1422 2326 exilium,
1442 2284 1488 2319 ⁶si

296 2347 393 2383 hunc
417 2356 548 2381 vocem
574 2351 777 2389 exspectas,
799 2342 1041 2387 proficiscere.
1095 2340 1194 2385 Quid
1218 2347 1285 2385 est,
1306 2340 1490 2376 Catilina?
