1695 2724
311 311 355 348 16
677 321 716 345 Μ.
748 320 799 345 'ru
806 319 884 344 LL11
917 319 1127 345 mcnnoms

306 411 356 445 ‘N
361 410 424 445 ihil
443 411 536 454 agis,
561 409 651 444 nihil
674 409 825 452 moliris,
844 408 935 442 nihil
952 407 1105 452 cogitas,
1123 410 1222 454 quod
1240 420 1315 444 non
1335 420 1405 454 ego
1421 419 1495 444 non

307 469 419 503 modo
437 468 598 511 audiam,
618 467 683 502 sed
702 467 815 501 etiam
833 466 981 500 videam
1000 467 1183 511 planeque
1200 468 1368 502 sentiam.

357 571 715 614 IV.—Recognosce
726 581 876 604 mecum
893 568 1060 604 ‘tandem
1077 568 1237 604 'noctem
1249 570 1349 604 illam
1359 570 1496 615 superi-

308 641 409 665 orem
428 641 435 664 z
454 627 543 674 ⁸jam
561 627 746 672 intelliges
761 628 877 661 multo
895 638 954 661 me
972 626 1125 671 vigilare
1142 628 1262 662 acrius
1279 627 1327 662 ad
1341 627 1497 663 salutem

224 704 230 712 ·
244 696 253 699 Α
308 699 420 734 quarn
437 694 474 722 te
491 686 539 721 ad
558 685 760 730 perniciem
776 685 826 719 rei
843 685 1020 729 publicae.
1055 683 1168 719 ⁹Dico
1179 691 1216 719 te
1229 683 1378 730 ¹⁰priore
1389 691 1498 720 nocte

307 745 453 780 venisse
467 743 589 778 11inter
601 742 896 778 falcarios—non
913 753 1023 786 agam
1038 741 1194 776 obscure
1206 741 1271 777 ¹²in
1287 743 1338 776 M.
1357 743 1498 778 Laecae

308 805 479 838 domurn:
508 802 726 837 convenisse
747 801 879 835 eodem
909 799 1143 845 ¹³comp1ures
1159 800 1327 845 ejusdem
1347 800 1497 835 1⁴amen-

309 861 381 895 tiae
400 859 621 904 scelerisque
639 858 771 893 socios.
825 858 927 891 Num
953 868 1090 901 negare
1107 857 1222 892 audes
1236 857 1251 892 ?
1266 857 1355 903 quid
1372 859 1499 893 taces?

312 919 569 960 ¹⁵convinmm,
598 917 628 951 si
656 927 772 961 negas
791 928 798 950 ε
830 915 938 949 video
970 914 1069 949 enim
1102 926 1184 950 esse
1209 914 1271 950 hic
1297 914 1335 950 in
1368 923 1498 952 senatu

309 976 503 1022 quosdam,
527 975 588 1020 qui
617 982 740 1009 tecum
767 985 841 1007 una
868 973 1022 1008 fuerunt.
1065 982 1097 1017 9.
1129 973 1162 1007 O
1187 972 1223 1007 di
1247 972 1497 1010 immortales!

310 1033 474 1069 ¹ubinarn
492 1032 658 1077 gentium
676 1042 802 1065 sumus
820 1033 826 1065 Σ
855 1042 966 1076 quarn
988 1041 1065 1064 rem
1082 1029 1269 1075 publicam
1294 1031 1500 1067 habemus?

310 1093 346 1127 in
365 1103 438 1138 qua
461 1091 550 1125 urbe
573 1089 757 1124 vivimus?
808 1088 908 1131 ²Hic,
930 1088 990 1123 hic
1017 1095 1101 1123 sunt
1119 1088 1156 1122 in
1185 1096 1312 1123 nostro
1333 1101 1498 1134 numero,

310 1151 448 1195 ⁸patres
460 1147 670 1192 conscripti,
684 1147 735 1180 ⁴in
749 1147 820 1181 hoc
834 1146 933 1180 orbis
948 1153 1066 1180 terrae
1080 1146 1316 1181 sanctissimo
1327 1146 1498 1191 gravissi-

311 1218 446 1252 moque
464 1205 631 1247 consilio,
661 1203 738 1249 ⁶qui
768 1203 815 1238 de
844 1210 970 1237 nostro
1001 1203 1165 1237 omnium
1183 1202 1343 1248 interitu,
1361 1204 1422 1250 qui
1452 1205 1499 1240 de

310 1264 418 1310 hujus
435 1263 535 1298 urbis
554 1270 665 1307 atque
683 1262 777 1296 adeo
802 1261 849 1295 de
877 1260 975 1295 orbis
995 1269 1174 1295 terrarum
1199 1260 1308 1299 exitio
1325 1262 1497 1308 cogitent.

314 1324 441 1357 Hosce
459 1332 528 1365 ego
546 1320 654 1354 video
679 1326 716 1354 et
734 1319 780 1353 de
794 1330 833 1353 re
859 1318 1006 1364 publica
1023 1318 1261 1353 ‘sententiam
1287 1330 1388 1363 rogo,
1407 1309 1499 1366 quos

312 1382 406 1416 ferro
447 1378 620 1413 trucidari
663 1377 868 1422 oportebat,
897 1387 960 1411 eos
993 1376 1159 1410 nondum
1196 1388 1287 1411 voce
1323 1375 1497 1413 '‘vulnero.

314 1436 429 1472 Fuisti
441 1435 566 1480 ⁸igitu1·
577 1435 675 1480 apud
692 1435 850 1468 Laecam
864 1433 926 1467 illa
937 1440 1056 1476 nocte,
1071 1433 1230 1468 Catilina
1239 1446 1248 1475 ;
1265 1433 1499 1470 ’distribuisti

312 1495 455 1541 partes]
475 1493 583 1528 taliae
601 1505 609 1534 ;
637 1491 822 1526 ¹⁰statuisti
835 1503 907 1536 quo
926 1502 1110 1537 quemque
1128 1491 1310 1536 proficisci
1323 1492 1497 1537 placeret,

312 1553 507 1597 ¹¹delegisti
525 1564 617 1598 quos
638 1553 780 1585 Romae
802 1551 1037 1596 relinqueres,
1061 1561 1154 1596 quos
1171 1557 1294 1586 tecum
1312 1551 1499 1595 educeres,

313 1610 557 1657 ¹²discripsisti
572 1611 671 1644 urbis
686 1616 809 1654 partes
823 1610 869 1643 ad
884 1609 1068 1653 incendia,
1083 1609 1310 1644 confirmasti
1324 1616 1360 1645 te
1377 1609 1497 1655 ipsum

311 1671 387 1716 jam
398 1681 479 1705 esse
493 1668 683 1710 exiturum,
698 1666 819 1701 dixisti
841 1667 1069 1711 ¹³paullulum
1085 1666 1151 1701 tibi
1166 1678 1247 1701 esse
1266 1666 1404 1702 “etiam
1421 1674 1499 1703 tum

314 1739 448 1769 morae,
475 1726 575 1772 quod
601 1736 670 1769 ego
703 1724 875 1758 viverem.
927 1723 1079 1769 Reperti
1111 1731 1195 1758 sunt
1223 1722 1323 1758 ¹⁵du0
1356 1725 1499 1771 equites

315 1785 485 1828 Romani,
503 1784 591 1830 ¹⁶qui
610 1791 646 1818 te
663 1784 734 1818 ista
751 1794 838 1818 cura
852 1782 1049 1817 liberarent
1064 1788 1099 1817 et
1117 1793 1198 1816 sese
1212 1782 1275 1816 illa
1292 1782 1374 1827 ipsa
1390 1789 1500 1818 nocte

315 1845 422 1879 oaulo
448 1850 533 1877 ante
558 1843 677 1876 lucem
707 1852 766 1874 me
785 1840 821 1874 in
841 1851 924 1874 meo
943 1840 1103 1887 ¹⁷lectulo
1133 1839 1388 1874 interfecturos
1416 1851 1499 1875 esse

316 1902 581 1948 pollicerentur.
639 1909 686 1933 10.
717 1899 824 1932 Haec
839 1909 908 1941 ego
923 1896 1061 1940 omnia,
1081 1896 1244 1931 ¹vixdum
1262 1896 1374 1932 etiam
1390 1904 1498 1933 coetu

315 1967 435 1995 vestro
462 1958 629 2000 dimisso,
662 1956 838 2000 comperi,
859 1955 1011 1989 domum
1038 1966 1159 1989 meam
1177 1953 1378 1999 majoribus
1395 1966 1497 1999 prae-

314 2017 417 2052 sidiis
435 2015 573 2050 munivi
600 2022 710 2059 atque
738 2012 891 2055 firmavi,
919 2011 1055 2046 exclusi
1083 2023 1159 2055 eos,
1177 2023 1269 2057 quos
1297 2018 1335 2047 tu
1364 2012 1414 2046 ad
1437 2023 1498 2048 me

327 2076 526 2110 salutatum
541 2071 663 2105 ³mane
677 2071 844 2113 miseras,
856 2081 940 2104 cum
959 2069 1007 2103 illi
1024 2068 1092 2113 ipsi
1111 2068 1311 2110 venissent,
1325 2062 1417 2114 quos
1429 2080 1498 2114 ego

315 2134 387 2177 jam
413 2130 537 2166 multis
555 2141 598 2164 ac
619 2128 772 2162 summis
798 2127 884 2161 viris
902 2127 949 2161 ad
976 2138 1035 2161 me
1053 2125 1105 2161 ⁴id
1122 2126 1299 2172 temporis
1323 2133 1498 2162 venturos
1525 2164 1537 2176 s

315 2192 576 2237 praedixeram.

294 2268 307 2280 ³
359 2281 418 2314 V:
457 2288 508 2315 11.
534 2280 653 2322 lQuae
666 2289 749 2312 cum
762 2277 812 2311 ita
825 2276 907 2318 sint,
923 2275 1094 2315 Catilina,
1107 2277 1232 2319 ²perge
1243 2285 1317 2320 quo
1330 2274 1497 2320 coepisti,

314 2339 486 2382 egredere
505 2336 703 2381 aliquando
718 2347 760 2368 ex
779 2335 868 2368 urbe
887 2346 894 2367 :
922 2340 1047 2378 patent
1069 2339 1197 2377 portae
1214 2344 1221 2367 :
1248 2331 1490 2377 proficiscere.
