<?xml version="1.0" encoding="UTF-8"?>
<!DOCTYPE html PUBLIC "-//W3C//DTD XHTML 1.0 Transitional//EN"
    "http://www.w3.org/TR/xhtml1/DTD/xhtml1-transitional.dtd">
<html xmlns="http://www.w3.org/1999/xhtml" xml:lang="en" lang="en">
 <head>
  <title>
</title>
<meta http-equiv="Content-Type" content="text/html;charset=utf-8" />
  <meta name='ocr-system' content='tesseract 3.04.00' />
  <meta name='ocr-capabilities' content='ocr_page ocr_carea ocr_par ocr_line ocrx_word'/>
</head>
<body>
  <div class='ocr_page' id='page_1' title='image "./firstorationofci00cice/firstorationofci00cice_0027.png"; bbox 0 0 1695 2724; ppageno 0'>
   <div class='ocr_carea' id='block_1_1' title="bbox 393 314 1329 352">
    <p class='ocr_par' dir='ltr' id='par_1_1' title="bbox 393 314 1329 352">
     <span class='ocr_line' id='line_1_1' title="bbox 393 314 1329 352; baseline 0.005 -5"><span class='ocrx_word' id='word_1_1' title='bbox 393 321 517 347; x_wconf 77' lang='lat' dir='ltr'>PRIMA</span> <span class='ocrx_word' id='word_1_2' title='bbox 545 321 691 348; x_wconf 74' lang='lat' dir='ltr'>ORATIO</span> <span class='ocrx_word' id='word_1_3' title='bbox 721 321 762 347; x_wconf 87' lang='lat' dir='ltr'>IN</span> <span class='ocrx_word' id='word_1_4' title='bbox 792 322 825 348; x_wconf 77' lang='lat' dir='ltr'>L.</span> <span class='ocrx_word' id='word_1_5' title='bbox 856 322 1087 351; x_wconf 77' lang='lat' dir='ltr'>CATILINAM.</span> <span class='ocrx_word' id='word_1_6' title='bbox 1281 314 1329 352; x_wconf 79' lang='lat'>19</span> 
     </span>
    </p>
   </div>
   <div class='ocr_carea' id='block_1_2' title="bbox 143 410 1351 571">
    <p class='ocr_par' dir='ltr' id='par_1_2' title="bbox 143 410 1351 571">
     <span class='ocr_line' id='line_1_2' title="bbox 144 410 1328 458; baseline 0.003 -12"><span class='ocrx_word' id='word_1_7' title='bbox 144 411 266 457; x_wconf 86' lang='lat' dir='ltr'>aliquo</span> <span class='ocrx_word' id='word_1_8' title='bbox 291 421 378 446; x_wconf 89' lang='lat' dir='ltr'>casu</span> <span class='ocrx_word' id='word_1_9' title='bbox 404 417 440 445; x_wconf 90' lang='lat' dir='ltr'>et</span> <span class='ocrx_word' id='word_1_10' title='bbox 466 411 593 455; x_wconf 88' lang='lat' dir='ltr'>elapsa</span> <span class='ocrx_word' id='word_1_11' title='bbox 621 412 696 446; x_wconf 84' lang='lat' dir='ltr'>est!</span> <span class='ocrx_word' id='word_1_12' title='bbox 728 410 838 456; x_wconf 87' lang='lat' dir='ltr'>⁸quae</span> <span class='ocrx_word' id='word_1_13' title='bbox 863 411 1015 457; x_wconf 92' lang='lat' dir='ltr'>quidem</span> <span class='ocrx_word' id='word_1_14' title='bbox 1040 412 1172 458; x_wconf 88' lang='lat' dir='ltr'>quibus</span> <span class='ocrx_word' id='word_1_15' title='bbox 1198 414 1328 452; x_wconf 77' lang='lat' dir='ltr'>abste</span> 
     </span>
     <span class='ocr_line' id='line_1_3' title="bbox 144 467 1328 515; baseline 0.004 -13"><span class='ocrx_word' id='word_1_16' title='bbox 144 467 286 504; x_wconf 89' lang='lat' dir='ltr'>initiata</span> <span class='ocrx_word' id='word_1_17' title='bbox 312 467 426 503; x_wconf 88' lang='lat' dir='ltr'>sacris</span> <span class='ocrx_word' id='word_1_18' title='bbox 456 479 500 503; x_wconf 88' lang='lat' dir='ltr'>ac</span> <span class='ocrx_word' id='word_1_19' title='bbox 529 468 663 503; x_wconf 86' lang='lat' dir='ltr'>devota</span> <span class='ocrx_word' id='word_1_20' title='bbox 693 468 750 512; x_wconf 91' lang='lat' dir='ltr'>sit,</span> <span class='ocrx_word' id='word_1_21' title='bbox 776 469 912 513; x_wconf 88' lang='lat' dir='ltr'>nescio,</span> <span class='ocrx_word' id='word_1_22' title='bbox 939 470 1039 515; x_wconf 87' lang='lat' dir='ltr'>quod</span> <span class='ocrx_word' id='word_1_23' title='bbox 1066 482 1149 505; x_wconf 92' lang='lat' dir='ltr'>eam</span> <span class='ocrx_word' id='word_1_24' title='bbox 1175 482 1328 507; x_wconf 90' lang='lat' dir='ltr'>necesse</span> 
     </span>
     <span class='ocr_line' id='line_1_4' title="bbox 143 518 1351 571; baseline -0.001 -10"><span class='ocrx_word' id='word_1_25' title='bbox 143 532 250 571; x_wconf 88' lang='lat' dir='ltr'>putas</span> <span class='ocrx_word' id='word_1_26' title='bbox 266 536 348 561; x_wconf 89' lang='lat' dir='ltr'>esse</span> <span class='ocrx_word' id='word_1_27' title='bbox 365 524 402 560; x_wconf 88' lang='lat' dir='ltr'>in</span> <span class='ocrx_word' id='word_1_28' title='bbox 421 518 581 560; x_wconf 79' lang='lat' dir='ltr'>consulis</span> <span class='ocrx_word' id='word_1_29' title='bbox 599 536 751 571; x_wconf 91' lang='lat' dir='ltr'>corpore</span> <span class='ocrx_word' id='word_1_30' title='bbox 770 526 939 571; x_wconf 86' lang='lat' dir='ltr'>defigere.</span> <span class='ocrx_word' id='word_1_31' title='bbox 954 539 987 565; x_wconf 68' lang='lat' dir='ltr'><em>s</em></span> <span class='ocrx_word' id='word_1_32' title='bbox 1349 531 1351 533; x_wconf 85' lang='grc'><strong>’</strong></span> 
     </span>
    </p>
   </div>
   <div class='ocr_carea' id='block_1_3' title="bbox 118 606 1329 2378">
    <p class='ocr_par' dir='ltr' id='par_1_3' title="bbox 140 606 1329 2332">
     <span class='ocr_line' id='line_1_5' title="bbox 188 606 1328 655; baseline 0.003 -14"><span class='ocrx_word' id='word_1_33' title='bbox 188 606 439 645; x_wconf 85' lang='lat' dir='ltr'>VIL—Nunc</span> <span class='ocrx_word' id='word_1_34' title='bbox 456 617 542 640; x_wconf 91' lang='lat' dir='ltr'>vero</span> <span class='ocrx_word' id='word_1_35' title='bbox 559 617 655 651; x_wconf 91' lang='lat' dir='ltr'>quae</span> <span class='ocrx_word' id='word_1_36' title='bbox 668 606 745 641; x_wconf 79' lang='lat' dir='ltr'>‘tua</span> <span class='ocrx_word' id='word_1_37' title='bbox 762 613 817 642; x_wconf 89' lang='lat' dir='ltr'>est</span> <span class='ocrx_word' id='word_1_38' title='bbox 835 606 906 642; x_wconf 89' lang='lat' dir='ltr'>ista</span> <span class='ocrx_word' id='word_1_39' title='bbox 916 606 1014 643; x_wconf 88' lang='lat' dir='ltr'>vita?</span> <span class='ocrx_word' id='word_1_40' title='bbox 1055 607 1116 644; x_wconf 90' lang='lat' dir='ltr'>Sic</span> <span class='ocrx_word' id='word_1_41' title='bbox 1130 620 1239 644; x_wconf 89' lang='lat' dir='ltr'>enam</span> <span class='ocrx_word' id='word_1_42' title='bbox 1248 609 1328 655; x_wconf 89' lang='lat' dir='ltr'>jam</span> 
     </span>
     <span class='ocr_line' id='line_1_6' title="bbox 142 662 1328 712; baseline 0.002 -13"><span class='ocrx_word' id='word_1_43' title='bbox 142 671 264 699; x_wconf 85' lang='lat' dir='ltr'>tecum</span> <span class='ocrx_word' id='word_1_44' title='bbox 293 664 431 709; x_wconf 89' lang='lat' dir='ltr'>loquar,</span> <span class='ocrx_word' id='word_1_45' title='bbox 461 674 535 697; x_wconf 89' lang='lat' dir='ltr'>non</span> <span class='ocrx_word' id='word_1_46' title='bbox 564 669 603 698; x_wconf 91' lang='lat' dir='ltr'>ut</span> <span class='ocrx_word' id='word_1_47' title='bbox 632 662 718 697; x_wconf 90' lang='lat' dir='ltr'>odio</span> <span class='ocrx_word' id='word_1_48' title='bbox 748 670 936 709; x_wconf 89' lang='lat' dir='ltr'>permotus</span> <span class='ocrx_word' id='word_1_49' title='bbox 970 676 1052 699; x_wconf 89' lang='lat' dir='ltr'>esse</span> <span class='ocrx_word' id='word_1_50' title='bbox 1086 665 1223 710; x_wconf 89' lang='lat' dir='ltr'>videar,</span> <span class='ocrx_word' id='word_1_51' title='bbox 1254 678 1328 712; x_wconf 93' lang='lat' dir='ltr'>quo</span> 
     </span>
     <span class='ocr_line' id='line_1_7' title="bbox 142 719 1325 767; baseline 0.002 -10"><span class='ocrx_word' id='word_1_52' title='bbox 142 722 273 766; x_wconf 88' lang='lat' dir='ltr'>debeo,</span> <span class='ocrx_word' id='word_1_53' title='bbox 303 719 384 756; x_wconf 82' lang='lat' dir='ltr'>⁵sed</span> <span class='ocrx_word' id='word_1_54' title='bbox 417 727 455 756; x_wconf 92' lang='lat' dir='ltr'>ut</span> <span class='ocrx_word' id='word_1_55' title='bbox 488 720 752 764; x_wconf 83' lang='lat' dir='ltr'>misericordia,</span> <span class='ocrx_word' id='word_1_56' title='bbox 785 733 880 767; x_wconf 90' lang='lat' dir='ltr'>quae</span> <span class='ocrx_word' id='word_1_57' title='bbox 917 721 982 758; x_wconf 92' lang='lat' dir='ltr'>tibi</span> <span class='ocrx_word' id='word_1_58' title='bbox 1012 724 1128 758; x_wconf 72' lang='lat' dir='ltr'>“nulla</span> <span class='ocrx_word' id='word_1_59' title='bbox 1160 724 1325 760; x_wconf 90' lang='lat' dir='ltr'>debetur.</span> 
     </span>
     <span class='ocr_line' id='line_1_8' title="bbox 142 777 1328 824; baseline 0.001 -10"><span class='ocrx_word' id='word_1_60' title='bbox 142 778 285 815; x_wconf 87' lang='lat' dir='ltr'>Venisti</span> <span class='ocrx_word' id='word_1_61' title='bbox 310 779 433 824; x_wconf 81' lang='lat' dir='ltr'>⁷paulo</span> <span class='ocrx_word' id='word_1_62' title='bbox 461 785 548 814; x_wconf 89' lang='lat' dir='ltr'>ante</span> <span class='ocrx_word' id='word_1_63' title='bbox 578 777 614 813; x_wconf 92' lang='lat' dir='ltr'>in</span> <span class='ocrx_word' id='word_1_64' title='bbox 644 785 822 819; x_wconf 82' lang='lat' dir='ltr'>senatum.</span> <span class='ocrx_word' id='word_1_65' title='bbox 876 779 968 824; x_wconf 83' lang='lat' dir='ltr'>Quis</span> <span class='ocrx_word' id='word_1_66' title='bbox 997 786 1033 814; x_wconf 93' lang='lat' dir='ltr'>te</span> <span class='ocrx_word' id='word_1_67' title='bbox 1061 792 1105 815; x_wconf 86' lang='lat' dir='ltr'>ex</span> <span class='ocrx_word' id='word_1_68' title='bbox 1130 781 1200 816; x_wconf 86' lang='lat' dir='ltr'>hac</span> <span class='ocrx_word' id='word_1_69' title='bbox 1225 788 1328 817; x_wconf 81' lang='lat' dir='ltr'>tanta</span> 
     </span>
     <span class='ocr_line' id='line_1_9' title="bbox 141 835 1326 883; baseline 0.001 -11"><span class='ocrx_word' id='word_1_70' title='bbox 141 836 370 883; x_wconf 83' lang='lat' dir='ltr'>⁸frequentia,</span> <span class='ocrx_word' id='word_1_71' title='bbox 390 842 444 871; x_wconf 93' lang='lat' dir='ltr'>tot</span> <span class='ocrx_word' id='word_1_72' title='bbox 461 847 505 871; x_wconf 91' lang='lat' dir='ltr'>ex</span> <span class='ocrx_word' id='word_1_73' title='bbox 522 835 593 871; x_wconf 89' lang='lat' dir='ltr'>tuis</span> <span class='ocrx_word' id='word_1_74' title='bbox 610 835 739 871; x_wconf 90' lang='lat' dir='ltr'>amicis</span> <span class='ocrx_word' id='word_1_75' title='bbox 756 848 800 872; x_wconf 89' lang='lat' dir='ltr'>ac</span> <span class='ocrx_word' id='word_1_76' title='bbox 817 836 1037 872; x_wconf 88' lang='lat' dir='ltr'>necessariis</span> <span class='ocrx_word' id='word_1_77' title='bbox 1052 838 1247 874; x_wconf 90' lang='lat' dir='ltr'>salutavit?</span> <span class='ocrx_word' id='word_1_78' title='bbox 1288 839 1326 875; x_wconf 92' lang='lat' dir='ltr'>Si</span> 
     </span>
     <span class='ocr_line' id='line_1_10' title="bbox 142 893 1327 940; baseline 0.002 -10"><span class='ocrx_word' id='word_1_79' title='bbox 142 896 212 930; x_wconf 92' lang='lat' dir='ltr'>hoc</span> <span class='ocrx_word' id='word_1_80' title='bbox 239 893 338 940; x_wconf 87' lang='lat' dir='ltr'>⁹post</span> <span class='ocrx_word' id='word_1_81' title='bbox 364 893 556 929; x_wconf 87' lang='lat' dir='ltr'>hominum</span> <span class='ocrx_word' id='word_1_82' title='bbox 588 894 805 929; x_wconf 89' lang='lat' dir='ltr'>memoriam</span> <span class='ocrx_word' id='word_1_83' title='bbox 835 894 988 940; x_wconf 84' lang='lat' dir='ltr'>contigit</span> <span class='ocrx_word' id='word_1_84' title='bbox 1018 895 1168 940; x_wconf 89' lang='lat' dir='ltr'>nemini,</span> <span class='ocrx_word' id='word_1_85' title='bbox 1199 897 1327 932; x_wconf 89' lang='lat' dir='ltr'>¹⁰vocis</span> 
     </span>
     <span class='ocr_line' id='line_1_11' title="bbox 141 951 1326 1000; baseline 0.002 -12"><span class='ocrx_word' id='word_1_86' title='bbox 141 959 333 998; x_wconf 83' lang='lat' dir='ltr'>exspectas</span> <span class='ocrx_word' id='word_1_87' title='bbox 357 951 630 996; x_wconf 88' lang='lat' dir='ltr'>contumeliam,</span> <span class='ocrx_word' id='word_1_88' title='bbox 649 963 733 987; x_wconf 89' lang='lat' dir='ltr'>curn</span> <span class='ocrx_word' id='word_1_89' title='bbox 758 952 809 987; x_wconf 91' lang='lat' dir='ltr'>sis</span> <span class='ocrx_word' id='word_1_90' title='bbox 833 953 1053 996; x_wconf 86' lang='lat' dir='ltr'>gravissimo</span> <span class='ocrx_word' id='word_1_91' title='bbox 1073 954 1213 1000; x_wconf 88' lang='lat' dir='ltr'>judicio</span> <span class='ocrx_word' id='word_1_92' title='bbox 1238 955 1326 990; x_wconf 89' lang='lat' dir='ltr'>taci-</span> 
     </span>
     <span class='ocr_line' id='line_1_12' title="bbox 142 1008 1327 1055; baseline 0.001 -9"><span class='ocrx_word' id='word_1_93' title='bbox 142 1009 325 1046; x_wconf 86' lang='lat' dir='ltr'>turnitatis</span> <span class='ocrx_word' id='word_1_94' title='bbox 349 1009 571 1055; x_wconf 55' lang='lat' dir='ltr'>oppressus}</span> <span class='ocrx_word' id='word_1_95' title='bbox 615 1008 764 1054; x_wconf 83' lang='lat' dir='ltr'>¹¹Quid?</span> <span class='ocrx_word' id='word_1_96' title='bbox 814 1010 923 1055; x_wconf 82' lang='lat' dir='ltr'>Quod</span> <span class='ocrx_word' id='word_1_97' title='bbox 942 1010 1130 1046; x_wconf 86' lang='lat' dir='ltr'>¹²adventu</span> <span class='ocrx_word' id='word_1_98' title='bbox 1150 1018 1212 1047; x_wconf 92' lang='lat' dir='ltr'>tuo</span> <span class='ocrx_word' id='word_1_99' title='bbox 1230 1011 1327 1047; x_wconf 79' lang='lat' dir='ltr'>¹³ista</span> 
     </span>
     <span class='ocr_line' id='line_1_13' title="bbox 142 1067 1326 1115; baseline 0 -11"><span class='ocrx_word' id='word_1_100' title='bbox 142 1067 316 1104; x_wconf 88' lang='lat' dir='ltr'>subsellia</span> <span class='ocrx_word' id='word_1_101' title='bbox 341 1067 554 1102; x_wconf 90' lang='lat' dir='ltr'>vacuefacta</span> <span class='ocrx_word' id='word_1_102' title='bbox 580 1073 677 1110; x_wconf 85' lang='lat' dir='ltr'>sunt,</span> <span class='ocrx_word' id='word_1_103' title='bbox 709 1067 808 1112; x_wconf 89' lang='lat' dir='ltr'>quod</span> <span class='ocrx_word' id='word_1_104' title='bbox 836 1079 966 1102; x_wconf 89' lang='lat' dir='ltr'>omnes</span> <span class='ocrx_word' id='word_1_105' title='bbox 993 1069 1217 1112; x_wconf 89' lang='lat' dir='ltr'>consulares,</span> <span class='ocrx_word' id='word_1_106' title='bbox 1238 1070 1326 1115; x_wconf 87' lang='lat' dir='ltr'>¹⁴qui</span> 
     </span>
     <span class='ocr_line' id='line_1_14' title="bbox 142 1123 1325 1172; baseline 0.001 -11"><span class='ocrx_word' id='word_1_107' title='bbox 142 1126 206 1161; x_wconf 90' lang='lat' dir='ltr'>tibi</span> <span class='ocrx_word' id='word_1_108' title='bbox 220 1135 398 1171; x_wconf 88' lang='lat' dir='ltr'>persaepe</span> <span class='ocrx_word' id='word_1_109' title='bbox 408 1124 456 1159; x_wconf 88' lang='lat' dir='ltr'>ad</span> <span class='ocrx_word' id='word_1_110' title='bbox 470 1124 624 1159; x_wconf 89' lang='lat' dir='ltr'>caedem</span> <span class='ocrx_word' id='word_1_111' title='bbox 641 1123 829 1160; x_wconf 87' lang='lat' dir='ltr'>constituti</span> <span class='ocrx_word' id='word_1_112' title='bbox 844 1125 1000 1169; x_wconf 88' lang='lat' dir='ltr'>suerunt,</span> <span class='ocrx_word' id='word_1_113' title='bbox 1016 1125 1124 1161; x_wconf 89' lang='lat' dir='ltr'>simul</span> <span class='ocrx_word' id='word_1_114' title='bbox 1138 1133 1250 1172; x_wconf 90' lang='lat' dir='ltr'>atque</span> <span class='ocrx_word' id='word_1_115' title='bbox 1262 1128 1325 1162; x_wconf 90' lang='lat' dir='ltr'>ad-</span> 
     </span>
     <span class='ocr_line' id='line_1_15' title="bbox 142 1182 1326 1229; baseline 0 -10"><span class='ocrx_word' id='word_1_116' title='bbox 142 1182 288 1226; x_wconf 86' lang='lat' dir='ltr'>sedisti,¹</span> <span class='ocrx_word' id='word_1_117' title='bbox 300 1190 443 1228; x_wconf 90' lang='lat' dir='ltr'>partem</span> <span class='ocrx_word' id='word_1_118' title='bbox 460 1182 569 1217; x_wconf 87' lang='lat' dir='ltr'>istam</span> <span class='ocrx_word' id='word_1_119' title='bbox 587 1182 845 1217; x_wconf 84' lang='lat' dir='ltr'>subselliorum</span> <span class='ocrx_word' id='word_1_120' title='bbox 864 1182 1030 1218; x_wconf 62' lang='lat' dir='ltr'>“nudam</span> <span class='ocrx_word' id='word_1_121' title='bbox 1048 1190 1159 1229; x_wconf 90' lang='lat' dir='ltr'>atque</span> <span class='ocrx_word' id='word_1_122' title='bbox 1178 1184 1326 1219; x_wconf 87' lang='lat' dir='ltr'>inanem</span> 
     </span>
     <span class='ocr_line' id='line_1_16' title="bbox 142 1237 1328 1286; baseline 0 -10"><span class='ocrx_word' id='word_1_123' title='bbox 142 1241 377 1286; x_wconf 89' lang='lat' dir='ltr'>reliquerunt,</span> <span class='ocrx_word' id='word_1_124' title='bbox 392 1250 464 1284; x_wconf 92' lang='lat' dir='ltr'>quo</span> <span class='ocrx_word' id='word_1_125' title='bbox 474 1237 652 1274; x_wconf 62' lang='lat' dir='ltr'>“tandem</span> <span class='ocrx_word' id='word_1_126' title='bbox 669 1239 794 1273; x_wconf 88' lang='lat' dir='ltr'>animo</span> <span class='ocrx_word' id='word_1_127' title='bbox 812 1239 883 1274; x_wconf 93' lang='lat' dir='ltr'>hoc</span> <span class='ocrx_word' id='word_1_128' title='bbox 901 1239 965 1274; x_wconf 91' lang='lat' dir='ltr'>tibi</span> <span class='ocrx_word' id='word_1_129' title='bbox 984 1240 1175 1275; x_wconf 89' lang='lat' dir='ltr'>ferendum</span> <span class='ocrx_word' id='word_1_130' title='bbox 1193 1241 1328 1286; x_wconf 87' lang='lat' dir='ltr'>putas?</span> 
     </span>
     <span class='ocr_line' id='line_1_17' title="bbox 145 1295 1326 1343; baseline 0 -9"><span class='ocrx_word' id='word_1_131' title='bbox 145 1308 194 1342; x_wconf 93' lang='lat'>17.</span> <span class='ocrx_word' id='word_1_132' title='bbox 222 1296 339 1334; x_wconf 90' lang='lat' dir='ltr'>¹Servi</span> <span class='ocrx_word' id='word_1_133' title='bbox 358 1297 578 1332; x_wconf 83' lang='lat' dir='ltr'>²mehercule</span> <span class='ocrx_word' id='word_1_134' title='bbox 595 1296 668 1331; x_wconf 89' lang='lat' dir='ltr'>mei</span> <span class='ocrx_word' id='word_1_135' title='bbox 687 1295 718 1331; x_wconf 88' lang='lat' dir='ltr'>si</span> <span class='ocrx_word' id='word_1_136' title='bbox 735 1307 795 1331; x_wconf 88' lang='lat' dir='ltr'>me</span> <span class='ocrx_word' id='word_1_137' title='bbox 813 1296 898 1332; x_wconf 81' lang='lat' dir='ltr'>⁸isto</span> <span class='ocrx_word' id='word_1_138' title='bbox 924 1304 1034 1342; x_wconf 89' lang='lat' dir='ltr'>pacto</span> <span class='ocrx_word' id='word_1_139' title='bbox 1051 1305 1269 1343; x_wconf 90' lang='lat' dir='ltr'>metuerent,</span> <span class='ocrx_word' id='word_1_140' title='bbox 1286 1306 1326 1334; x_wconf 94' lang='lat' dir='ltr'>ut</span> 
     </span>
     <span class='ocr_line' id='line_1_18' title="bbox 141 1353 1326 1402; baseline -0.001 -10"><span class='ocrx_word' id='word_1_141' title='bbox 141 1364 176 1392; x_wconf 91' lang='lat' dir='ltr'>te</span> <span class='ocrx_word' id='word_1_142' title='bbox 193 1361 359 1391; x_wconf 91' lang='lat' dir='ltr'>metuunt</span> <span class='ocrx_word' id='word_1_143' title='bbox 376 1365 506 1389; x_wconf 90' lang='lat' dir='ltr'>omnes</span> <span class='ocrx_word' id='word_1_144' title='bbox 531 1354 628 1389; x_wconf 92' lang='lat' dir='ltr'>cives</span> <span class='ocrx_word' id='word_1_145' title='bbox 653 1353 716 1397; x_wconf 90' lang='lat' dir='ltr'>tui,</span> <span class='ocrx_word' id='word_1_146' title='bbox 735 1354 887 1389; x_wconf 86' lang='lat' dir='ltr'>domum</span> <span class='ocrx_word' id='word_1_147' title='bbox 905 1366 1028 1389; x_wconf 85' lang='lat' dir='ltr'>meam</span> <span class='ocrx_word' id='word_1_148' title='bbox 1046 1355 1326 1402; x_wconf 78' lang='lat' dir='ltr'>relinquendam</span> 
     </span>
     <span class='ocr_line' id='line_1_19' title="bbox 141 1411 1326 1461; baseline -0.002 -11"><span class='ocrx_word' id='word_1_149' title='bbox 141 1421 325 1461; x_wconf 89' lang='lat' dir='ltr'>putarem:</span> <span class='ocrx_word' id='word_1_150' title='bbox 353 1419 392 1447; x_wconf 90' lang='lat' dir='ltr'>tu</span> <span class='ocrx_word' id='word_1_151' title='bbox 416 1412 482 1447; x_wconf 89' lang='lat' dir='ltr'>tibi</span> <span class='ocrx_word' id='word_1_152' title='bbox 506 1412 649 1446; x_wconf 89' lang='lat' dir='ltr'>⁴urbem</span> <span class='ocrx_word' id='word_1_153' title='bbox 674 1422 762 1446; x_wconf 92' lang='lat' dir='ltr'>nom</span> <span class='ocrx_word' id='word_1_154' title='bbox 786 1411 995 1447; x_wconf 87' lang='lat' dir='ltr'>arbitraris?</span> <span class='ocrx_word' id='word_1_155' title='bbox 1043 1412 1126 1447; x_wconf 90' lang='lat' dir='ltr'>Esti</span> <span class='ocrx_word' id='word_1_156' title='bbox 1149 1424 1209 1448; x_wconf 91' lang='lat' dir='ltr'>me</span> <span class='ocrx_word' id='word_1_157' title='bbox 1232 1413 1326 1448; x_wconf 89' lang='lat' dir='ltr'>meis</span> 
     </span>
     <span class='ocr_line' id='line_1_20' title="bbox 140 1469 1325 1516; baseline -0.001 -8"><span class='ocrx_word' id='word_1_158' title='bbox 140 1472 281 1508; x_wconf 89' lang='lat' dir='ltr'>civibus</span> <span class='ocrx_word' id='word_1_159' title='bbox 301 1469 447 1516; x_wconf 63' lang='lat' dir='ltr'>“injuria⁴</span> <span class='ocrx_word' id='word_1_160' title='bbox 472 1476 685 1514; x_wconf 85' lang='lat' dir='ltr'>suspectum</span> <span class='ocrx_word' id='word_1_161' title='bbox 711 1476 788 1504; x_wconf 90' lang='lat' dir='ltr'>tam</span> <span class='ocrx_word' id='word_1_162' title='bbox 812 1469 975 1515; x_wconf 87' lang='lat' dir='ltr'>graviter</span> <span class='ocrx_word' id='word_1_163' title='bbox 1000 1477 1111 1516; x_wconf 90' lang='lat' dir='ltr'>atque</span> <span class='ocrx_word' id='word_1_164' title='bbox 1127 1471 1325 1506; x_wconf 74' lang='lat' dir='ltr'>‘offensum</span> 
     </span>
     <span class='ocr_line' id='line_1_21' title="bbox 140 1526 1326 1574; baseline -0.002 -8"><span class='ocrx_word' id='word_1_165' title='bbox 140 1530 314 1573; x_wconf 88' lang='lat' dir='ltr'>viderem,</span> <span class='ocrx_word' id='word_1_166' title='bbox 332 1539 456 1564; x_wconf 88' lang='lat' dir='ltr'>carere</span> <span class='ocrx_word' id='word_1_167' title='bbox 481 1539 541 1562; x_wconf 88' lang='lat' dir='ltr'>me</span> <span class='ocrx_word' id='word_1_168' title='bbox 566 1534 718 1572; x_wconf 89' lang='lat' dir='ltr'>aspectu</span> <span class='ocrx_word' id='word_1_169' title='bbox 744 1526 879 1563; x_wconf 91' lang='lat' dir='ltr'>civium</span> <span class='ocrx_word' id='word_1_170' title='bbox 905 1539 1018 1574; x_wconf 89' lang='lat' dir='ltr'>quam</span> <span class='ocrx_word' id='word_1_171' title='bbox 1037 1528 1192 1564; x_wconf 71' lang='lat' dir='ltr'>&#39;infestis</span> <span class='ocrx_word' id='word_1_172' title='bbox 1210 1529 1326 1564; x_wconf 92' lang='lat' dir='ltr'>oculis</span> 
     </span>
     <span class='ocr_line' id='line_1_22' title="bbox 140 1583 1326 1630; baseline -0.001 -7"><span class='ocrx_word' id='word_1_173' title='bbox 140 1586 304 1623; x_wconf 89' lang='lat' dir='ltr'>omnium</span> <span class='ocrx_word' id='word_1_174' title='bbox 328 1583 492 1630; x_wconf 88' lang='lat' dir='ltr'>conspici</span> <span class='ocrx_word' id='word_1_175' title='bbox 517 1584 685 1619; x_wconf 87' lang='lat' dir='ltr'>mallem:</span> <span class='ocrx_word' id='word_1_176' title='bbox 715 1590 754 1619; x_wconf 91' lang='lat' dir='ltr'>tu</span> <span class='ocrx_word' id='word_1_177' title='bbox 779 1594 864 1619; x_wconf 91' lang='lat' dir='ltr'>cum</span> <span class='ocrx_word' id='word_1_178' title='bbox 890 1584 1119 1620; x_wconf 90' lang='lat' dir='ltr'>conscientia</span> <span class='ocrx_word' id='word_1_179' title='bbox 1143 1586 1326 1622; x_wconf 88' lang='lat' dir='ltr'>scelerum</span> 
     </span>
     <span class='ocr_line' id='line_1_23' title="bbox 140 1641 1326 1689; baseline -0.003 -6"><span class='ocrx_word' id='word_1_180' title='bbox 140 1653 286 1683; x_wconf 85' lang='lat' dir='ltr'>tuorum</span> <span class='ocrx_word' id='word_1_181' title='bbox 301 1646 497 1688; x_wconf 79' lang='lat' dir='ltr'>⁸agnoscas</span> <span class='ocrx_word' id='word_1_182' title='bbox 522 1642 648 1677; x_wconf 91' lang='lat' dir='ltr'>odium</span> <span class='ocrx_word' id='word_1_183' title='bbox 673 1642 839 1677; x_wconf 88' lang='lat' dir='ltr'>omnium</span> <span class='ocrx_word' id='word_1_184' title='bbox 859 1641 1000 1688; x_wconf 87' lang='lat' dir='ltr'>justum</span> <span class='ocrx_word' id='word_1_185' title='bbox 1026 1650 1063 1678; x_wconf 91' lang='lat' dir='ltr'>et</span> <span class='ocrx_word' id='word_1_186' title='bbox 1083 1643 1162 1689; x_wconf 89' lang='lat' dir='ltr'>jam</span> <span class='ocrx_word' id='word_1_187' title='bbox 1180 1644 1242 1679; x_wconf 92' lang='lat' dir='ltr'>diu</span> <span class='ocrx_word' id='word_1_188' title='bbox 1260 1644 1326 1680; x_wconf 91' lang='lat' dir='ltr'>tibi</span> 
     </span>
     <span class='ocr_line' id='line_1_24' title="bbox 140 1698 1326 1748; baseline -0.003 -7"><span class='ocrx_word' id='word_1_189' title='bbox 140 1703 316 1747; x_wconf 87' lang='lat' dir='ltr'>debiturn,</span> <span class='ocrx_word' id='word_1_190' title='bbox 339 1700 514 1745; x_wconf 76' lang='lat' dir='ltr'>¹&#39;dubitaS,</span> <span class='ocrx_word' id='word_1_191' title='bbox 539 1711 695 1745; x_wconf 85' lang='lat' dir='ltr'>quorum</span> <span class='ocrx_word' id='word_1_192' title='bbox 719 1698 889 1736; x_wconf 88' lang='lat' dir='ltr'>¹⁰mentes</span> <span class='ocrx_word' id='word_1_193' title='bbox 915 1712 1118 1746; x_wconf 90' lang='lat' dir='ltr'>sensusque</span> <span class='ocrx_word' id='word_1_194' title='bbox 1144 1702 1326 1748; x_wconf 91' lang='lat' dir='ltr'>vulneras,</span> 
     </span>
     <span class='ocr_line' id='line_1_25' title="bbox 140 1756 1327 1805; baseline -0.003 -7"><span class='ocrx_word' id='word_1_195' title='bbox 140 1772 267 1798; x_wconf 91' lang='lat' dir='ltr'>eorum</span> <span class='ocrx_word' id='word_1_196' title='bbox 291 1765 482 1805; x_wconf 87' lang='lat' dir='ltr'>aspectum</span> <span class='ocrx_word' id='word_1_197' title='bbox 506 1757 829 1802; x_wconf 89' lang='lat' dir='ltr'>praesentiamque</span> <span class='ocrx_word' id='word_1_198' title='bbox 852 1756 990 1792; x_wconf 87' lang='lat' dir='ltr'>vitare?</span> <span class='ocrx_word' id='word_1_199' title='bbox 1038 1757 1077 1793; x_wconf 92' lang='lat' dir='ltr'>Si</span> <span class='ocrx_word' id='word_1_200' title='bbox 1098 1764 1135 1793; x_wconf 91' lang='lat' dir='ltr'>te</span> <span class='ocrx_word' id='word_1_201' title='bbox 1154 1766 1327 1803; x_wconf 89' lang='lat' dir='ltr'>parentes</span> 
     </span>
     <span class='ocr_line' id='line_1_26' title="bbox 140 1814 1327 1862; baseline -0.003 -6"><span class='ocrx_word' id='word_1_202' title='bbox 140 1820 311 1856; x_wconf 88' lang='lat' dir='ltr'>timerent</span> <span class='ocrx_word' id='word_1_203' title='bbox 328 1823 437 1862; x_wconf 90' lang='lat' dir='ltr'>atque</span> <span class='ocrx_word' id='word_1_204' title='bbox 463 1815 628 1850; x_wconf 89' lang='lat' dir='ltr'>odissent</span> <span class='ocrx_word' id='word_1_205' title='bbox 653 1814 704 1850; x_wconf 92' lang='lat' dir='ltr'>tui</span> <span class='ocrx_word' id='word_1_206' title='bbox 730 1825 799 1850; x_wconf 90' lang='lat' dir='ltr'>nec</span> <span class='ocrx_word' id='word_1_207' title='bbox 824 1826 888 1850; x_wconf 91' lang='lat' dir='ltr'>eos</span> <span class='ocrx_word' id='word_1_208' title='bbox 912 1815 987 1850; x_wconf 90' lang='lat' dir='ltr'>ulla</span> <span class='ocrx_word' id='word_1_209' title='bbox 1011 1814 1154 1851; x_wconf 87' lang='lat' dir='ltr'>ratione</span> <span class='ocrx_word' id='word_1_210' title='bbox 1178 1816 1327 1862; x_wconf 89' lang='lat' dir='ltr'>placare</span> 
     </span>
     <span class='ocr_line' id='line_1_27' title="bbox 141 1872 1327 1924; baseline -0.002 -11"><span class='ocrx_word' id='word_1_211' title='bbox 141 1887 280 1924; x_wconf 88' lang='lat' dir='ltr'>posses,</span> <span class='ocrx_word' id='word_1_212' title='bbox 305 1881 345 1910; x_wconf 91' lang='lat' dir='ltr'>ut</span> <span class='ocrx_word' id='word_1_213' title='bbox 372 1873 514 1919; x_wconf 88' lang='lat' dir='ltr'>opinor,</span> <span class='ocrx_word' id='word_1_214' title='bbox 538 1873 587 1907; x_wconf 89' lang='lat' dir='ltr'>ab</span> <span class='ocrx_word' id='word_1_215' title='bbox 612 1883 739 1907; x_wconf 88' lang='lat' dir='ltr'>eorum</span> <span class='ocrx_word' id='word_1_216' title='bbox 764 1872 879 1907; x_wconf 91' lang='lat' dir='ltr'>oculis</span> <span class='ocrx_word' id='word_1_217' title='bbox 900 1872 1049 1918; x_wconf 75' lang='lat' dir='ltr'>”aliquo</span> <span class='ocrx_word' id='word_1_218' title='bbox 1074 1874 1327 1911; x_wconf 82' lang='lat' dir='ltr'>concederes:</span> 
     </span>
     <span class='ocr_line' id='line_1_28' title="bbox 141 1928 1326 1977; baseline -0.003 -7"><span class='ocrx_word' id='word_1_219' title='bbox 141 1937 265 1970; x_wconf 85' lang='lat' dir='ltr'>¹²nunc</span> <span class='ocrx_word' id='word_1_220' title='bbox 280 1939 316 1968; x_wconf 91' lang='lat' dir='ltr'>te</span> <span class='ocrx_word' id='word_1_221' title='bbox 333 1929 453 1977; x_wconf 88' lang='lat' dir='ltr'>patria</span> <span class='ocrx_word' id='word_1_222' title='bbox 467 1931 590 1975; x_wconf 81' lang='lat' dir='ltr'>¹⁸quae</span> <span class='ocrx_word' id='word_1_223' title='bbox 607 1928 814 1964; x_wconf 88' lang='lat' dir='ltr'>communis</span> <span class='ocrx_word' id='word_1_224' title='bbox 831 1935 886 1965; x_wconf 92' lang='lat' dir='ltr'>est</span> <span class='ocrx_word' id='word_1_225' title='bbox 905 1940 1038 1975; x_wconf 85' lang='lat' dir='ltr'>parens</span> <span class='ocrx_word' id='word_1_226' title='bbox 1057 1929 1223 1965; x_wconf 89' lang='lat' dir='ltr'>omnium</span> <span class='ocrx_word' id='word_1_227' title='bbox 1241 1942 1326 1967; x_wconf 79' lang='lat' dir='ltr'>nos-</span> 
     </span>
     <span class='ocr_line' id='line_1_29' title="bbox 141 1985 1327 2035; baseline -0.003 -7"><span class='ocrx_word' id='word_1_228' title='bbox 141 1999 248 2035; x_wconf 82' lang='lat' dir='ltr'>trum,</span> <span class='ocrx_word' id='word_1_229' title='bbox 263 1989 340 2025; x_wconf 89' lang='lat' dir='ltr'>odit</span> <span class='ocrx_word' id='word_1_230' title='bbox 353 2000 396 2024; x_wconf 89' lang='lat' dir='ltr'>ac</span> <span class='ocrx_word' id='word_1_231' title='bbox 410 1986 539 2022; x_wconf 83' lang='lat' dir='ltr'>metuit</span> <span class='ocrx_word' id='word_1_232' title='bbox 556 1993 592 2022; x_wconf 89' lang='lat' dir='ltr'>et</span> <span class='ocrx_word' id='word_1_233' title='bbox 604 1986 684 2032; x_wconf 87' lang='lat' dir='ltr'>jam</span> <span class='ocrx_word' id='word_1_234' title='bbox 701 1987 764 2021; x_wconf 89' lang='lat' dir='ltr'>diu</span> <span class='ocrx_word' id='word_1_235' title='bbox 781 1985 872 2021; x_wconf 90' lang='lat' dir='ltr'>nihil</span> <span class='ocrx_word' id='word_1_236' title='bbox 889 1992 924 2022; x_wconf 91' lang='lat' dir='ltr'>te</span> <span class='ocrx_word' id='word_1_237' title='bbox 937 1986 1079 2032; x_wconf 85' lang='lat' dir='ltr'>judicat</span> <span class='ocrx_word' id='word_1_238' title='bbox 1096 1986 1168 2022; x_wconf 89' lang='lat' dir='ltr'>nisi</span> <span class='ocrx_word' id='word_1_239' title='bbox 1185 1988 1233 2023; x_wconf 88' lang='lat' dir='ltr'>de</span> <span class='ocrx_word' id='word_1_240' title='bbox 1245 1999 1327 2034; x_wconf 88' lang='lat' dir='ltr'>par—</span> 
     </span>
     <span class='ocr_line' id='line_1_30' title="bbox 142 2043 1327 2089; baseline -0.004 -4"><span class='ocrx_word' id='word_1_241' title='bbox 142 2049 271 2085; x_wconf 88' lang='lat' dir='ltr'>ricidio</span> <span class='ocrx_word' id='word_1_242' title='bbox 289 2058 355 2082; x_wconf 92' lang='lat' dir='ltr'>suo</span> <span class='ocrx_word' id='word_1_243' title='bbox 375 2044 555 2089; x_wconf 86' lang='lat' dir='ltr'>cogitare:</span> <span class='ocrx_word' id='word_1_244' title='bbox 580 2043 689 2089; x_wconf 90' lang='lat' dir='ltr'>hujus</span> <span class='ocrx_word' id='word_1_245' title='bbox 715 2050 753 2078; x_wconf 89' lang='lat' dir='ltr'>tu</span> <span class='ocrx_word' id='word_1_246' title='bbox 778 2054 899 2089; x_wconf 89' lang='lat' dir='ltr'>neque</span> <span class='ocrx_word' id='word_1_247' title='bbox 923 2043 1183 2079; x_wconf 90' lang='lat' dir='ltr'>auctoritatem</span> <span class='ocrx_word' id='word_1_248' title='bbox 1200 2045 1327 2081; x_wconf 73' lang='lat' dir='ltr'>“vere-</span> 
     </span>
     <span class='ocr_line' id='line_1_31' title="bbox 141 2100 1328 2150; baseline -0.003 -7"><span class='ocrx_word' id='word_1_249' title='bbox 141 2108 230 2142; x_wconf 89' lang='lat' dir='ltr'>bere</span> <span class='ocrx_word' id='word_1_250' title='bbox 241 2116 311 2141; x_wconf 88' lang='lat' dir='ltr'>nee</span> <span class='ocrx_word' id='word_1_251' title='bbox 322 2102 502 2150; x_wconf 89' lang='lat' dir='ltr'>judicium</span> <span class='ocrx_word' id='word_1_252' title='bbox 516 2112 669 2147; x_wconf 88' lang='lat' dir='ltr'>sequere</span> <span class='ocrx_word' id='word_1_253' title='bbox 682 2112 752 2136; x_wconf 93' lang='lat' dir='ltr'>nec</span> <span class='ocrx_word' id='word_1_254' title='bbox 764 2100 840 2136; x_wconf 90' lang='lat' dir='ltr'>vim</span> <span class='ocrx_word' id='word_1_255' title='bbox 852 2100 1113 2147; x_wconf 86' lang='lat' dir='ltr'>pertimesces?</span> <span class='ocrx_word' id='word_1_256' title='bbox 1142 2102 1192 2138; x_wconf 89' lang='lat'>18.</span> <span class='ocrx_word' id='word_1_257' title='bbox 1207 2102 1328 2148; x_wconf 82' lang='lat' dir='ltr'>¹Quae</span> 
     </span>
     <span class='ocr_line' id='line_1_32' title="bbox 143 2158 1326 2208; baseline -0.004 -7"><span class='ocrx_word' id='word_1_258' title='bbox 143 2172 278 2208; x_wconf 90' lang='lat' dir='ltr'>tecum,</span> <span class='ocrx_word' id='word_1_259' title='bbox 299 2161 470 2203; x_wconf 88' lang='lat' dir='ltr'>Catilina,</span> <span class='ocrx_word' id='word_1_260' title='bbox 487 2158 539 2195; x_wconf 90' lang='lat' dir='ltr'>sic</span> <span class='ocrx_word' id='word_1_261' title='bbox 556 2159 633 2204; x_wconf 85' lang='lat' dir='ltr'>agit</span> <span class='ocrx_word' id='word_1_262' title='bbox 651 2165 687 2194; x_wconf 94' lang='lat' dir='ltr'>et</span> <span class='ocrx_word' id='word_1_263' title='bbox 704 2159 867 2204; x_wconf 90' lang='lat' dir='ltr'>quodam</span> <span class='ocrx_word' id='word_1_264' title='bbox 884 2160 997 2194; x_wconf 90' lang='lat' dir='ltr'>modo</span> <span class='ocrx_word' id='word_1_265' title='bbox 1015 2158 1127 2195; x_wconf 85' lang='lat' dir='ltr'>tacita</span> <span class='ocrx_word' id='word_1_266' title='bbox 1144 2159 1326 2206; x_wconf 90' lang='lat' dir='ltr'>loquitur:</span> 
     </span>
     <span class='ocr_line' id='line_1_33' title="bbox 143 2215 1329 2265; baseline -0.002 -9"><span class='ocrx_word' id='word_1_267' title='bbox 143 2221 332 2256; x_wconf 69' lang='lat' dir='ltr'>&#39;‘Nullum</span> <span class='ocrx_word' id='word_1_268' title='bbox 344 2219 424 2265; x_wconf 90' lang='lat' dir='ltr'>jam</span> <span class='ocrx_word' id='word_1_269' title='bbox 441 2217 581 2262; x_wconf 88' lang='lat' dir='ltr'>aliquot</span> <span class='ocrx_word' id='word_1_270' title='bbox 597 2216 705 2251; x_wconf 87' lang='lat' dir='ltr'>annis</span> <span class='ocrx_word' id='word_1_271' title='bbox 718 2215 860 2251; x_wconf 87' lang='lat' dir='ltr'>facinus</span> <span class='ocrx_word' id='word_1_272' title='bbox 874 2216 1011 2252; x_wconf 90' lang='lat' dir='ltr'>exstitit</span> <span class='ocrx_word' id='word_1_273' title='bbox 1024 2215 1095 2252; x_wconf 90' lang='lat' dir='ltr'>nisi</span> <span class='ocrx_word' id='word_1_274' title='bbox 1110 2228 1176 2263; x_wconf 92' lang='lat' dir='ltr'>per</span> <span class='ocrx_word' id='word_1_275' title='bbox 1189 2224 1237 2263; x_wconf 89' lang='lat' dir='ltr'>te,</span> <span class='ocrx_word' id='word_1_276' title='bbox 1249 2218 1329 2254; x_wconf 84' lang='lat' dir='ltr'>nul-</span> 
     </span>
     <span class='ocr_line' id='line_1_34' title="bbox 144 2274 1329 2332; baseline -0.002 -17"><span class='ocrx_word' id='word_1_277' title='bbox 144 2280 219 2315; x_wconf 93' lang='lat' dir='ltr'>lum</span> <span class='ocrx_word' id='word_1_278' title='bbox 244 2277 424 2323; x_wconf 85' lang='lat' dir='ltr'>flagitium</span> <span class='ocrx_word' id='word_1_279' title='bbox 448 2276 528 2310; x_wconf 88' lang='lat' dir='ltr'>sine</span> <span class='ocrx_word' id='word_1_280' title='bbox 553 2281 606 2310; x_wconf 88' lang='lat' dir='ltr'>te:</span> <span class='ocrx_word' id='word_1_281' title='bbox 633 2274 700 2310; x_wconf 89' lang='lat' dir='ltr'>tibi</span> <span class='ocrx_word' id='word_1_282' title='bbox 725 2274 787 2322; x_wconf 83' lang='lat' dir='ltr'>uni</span> <span class='ocrx_word' id='word_1_283' title='bbox 813 2275 1011 2310; x_wconf 86' lang='lat' dir='ltr'>multorum</span> <span class='ocrx_word' id='word_1_284' title='bbox 1036 2274 1173 2311; x_wconf 88' lang='lat' dir='ltr'>civium</span> <span class='ocrx_word' id='word_1_285' title='bbox 1189 2276 1329 2332; x_wconf 56' lang='lat' dir='ltr'>’neces’</span> 
     </span>
    </p>

    <p class='ocr_par' dir='ltr' id='par_1_4' title="bbox 118 2331 1329 2378">
     <span class='ocr_line' id='line_1_35' title="bbox 118 2331 1329 2378; baseline -0.004 -6"><span class='ocrx_word' id='word_1_286' title='bbox 118 2337 210 2372; x_wconf 62' lang='lat' dir='ltr'>&#39;Ubi</span> <span class='ocrx_word' id='word_1_287' title='bbox 227 2334 371 2371; x_wconf 77' lang='lat' dir='ltr'>vexatio</span> <span class='ocrx_word' id='word_1_288' title='bbox 389 2332 619 2378; x_wconf 90' lang='lat' dir='ltr'>direptioque</span> <span class='ocrx_word' id='word_1_289' title='bbox 635 2331 833 2368; x_wconf 78' lang='lat' dir='ltr'>⁴sociorum</span> <span class='ocrx_word' id='word_1_290' title='bbox 851 2331 1032 2377; x_wconf 87' lang='lat' dir='ltr'>impunita</span> <span class='ocrx_word' id='word_1_291' title='bbox 1048 2332 1115 2369; x_wconf 88' lang='lat' dir='ltr'>fuit</span> <span class='ocrx_word' id='word_1_292' title='bbox 1132 2344 1176 2369; x_wconf 92' lang='lat' dir='ltr'>ac</span> <span class='ocrx_word' id='word_1_293' title='bbox 1193 2332 1329 2370; x_wconf 64' lang='lat' dir='ltr'>liberat</span> 
     </span>
    </p>
   </div>
  </div>
 </body>
</html>
