1695 2724
439 306 565 331 PRIMA
594 306 741 332 onum
771 306 812 332 IN
842 307 875 333 1..
906 307 1137 334 canutum.
1329 296 1375 333 21

200 394 340 440 Ecquid
367 394 538 438 attendis,
564 395 697 440 ecquid
723 395 987 431 animadvertis
1012 396 1143 430 horum
1170 395 1380 431 silentium?

197 450 411 494 'Patiuntun
430 458 562 486 tacent.
612 451 727 495 ⁸Quid
745 459 938 496 exspectas
955 453 1211 487 auctoritatem
1230 453 1381 498 loquen-

194 509 298 552 tium,
317 506 480 554 quorum*
491 509 717 543 voluntatem
737 510 930 544 tacitorum
950 509 1156 555 perspicis?
1205 520 1258 545 21.
1282 511 1332 545 At
1350 509 1379 545 si

194 567 264 602 hoc
279 566 377 602 idem
396 567 493 601 ¹huic
511 566 739 601 adulescenti
754 567 907 612 optimo,
926 568 963 602 P.
986 567 1117 611 Sestio,
1135 567 1166 602 si
1180 567 1380 602 fortissimo

194 636 280 659 vero
300 625 350 659 M.
373 625 551 659 Marcello
570 624 755 668 dixissem,
777 625 857 669 jam
882 625 972 659 mihi
991 625 1131 660 consuli
1157 626 1229 661 hoc
1246 626 1327 671 ipso
1344 626 1381 660 in

194 682 332 727 templo
345 681 426 727 jure
444 681 585 726 optimo
603 688 754 716 senatus
772 681 860 716 ²vim
878 689 913 718 et
930 694 1061 717 manus
1079 682 1271 718 intulisset.
1324 684 1381 718 De

194 747 230 774 te
244 746 378 782 autern,
396 739 564 782 Catilina,
578 750 662 774 cum
672 738 892 784 ⁸quiescunt,
905 740 1073 785 probant,
1086 751 1170 775 cum
1183 740 1380 785 patiuntur,

194 798 407 840 decernunt,
426 808 510 832 curn
528 803 663 840 tacent,
681 797 842 832 clamant
859 809 866 832 :
884 809 1004 843 neque
1021 798 1059 832 hi
1078 799 1208 842 solum,
1226 810 1382 844 quorum

194 855 391 890 auctoritas
424 861 480 889 est
513 854 684 890 videlicet
718 866 814 898 cara,
849 855 924 891 vita
948 856 1138 900 vilissima,
1171 857 1238 891 sed
1270 856 1382 891 etiam

194 913 335 959 equites
353 912 513 947 Romani
538 913 790 947 honestissimi
817 919 928 959 atque
946 913 1074 959 optimi
1100 913 1178 958 viri,
1197 913 1382 959 ceterique

195 971 382 1006 fortissimi
407 971 532 1012 ⁴cives,
549 970 611 1016 qui
639 978 738 1006 stant
756 972 893 1006 circum
920 979 1099 1014 senatum,
1117 984 1273 1018 quorum
1290 979 1328 1006 tu
1347 979 1382 1006 et

195 1029 437 1074 frequentiam
462 1029 588 1063 videre
615 1035 651 1063 et
685 1028 806 1064 studia
831 1029 1040 1074 perspicere
1073 1036 1110 1065 et
1134 1042 1245 1065 voces
1273 1030 1382 1075 paulo

195 1093 280 1120 ante
306 1085 478 1120 exaudire
504 1085 669 1131 potuisti.
723 1086 890 1129 Quorum
916 1098 986 1131 ego
1006 1087 1065 1121 vix
1082 1087 1150 1122 abs
1166 1094 1202 1122 te
1223 1087 1302 1132 jam
1319 1087 1381 1122 diu

194 1155 325 1178 manus
351 1154 395 1178 ac
427 1143 500 1177 tela
526 1143 710 1187 contineo,
743 1144 895 1178 cosdem
927 1144 1035 1179 facile
1068 1145 1252 1180 adducam
1276 1152 1315 1181 ut
1347 1153 1382 1182 te

194 1201 298 1244 haec,
314 1212 409 1246 quae
418 1200 497 1246 jam
511 1200 654 1246 pridem
667 1207 813 1236 vastare
827 1202 965 1245 studes,
980 1202 1250 1248 relinquentem
1265 1214 1383 1249 usque

194 1258 243 1293 ad
261 1264 386 1303 portas
403 1256 697 1303 ‘prosequantun

244 1339 412 1372 IX.—22.
440 1337 695 1383 ¹Quamquam
713 1337 801 1383 quid
820 1339 977 1384 loquor?
992 1340 1048 1374 Te
1065 1345 1104 1374 ut
1121 1340 1195 1374 ulla
1212 1352 1270 1375 res
1288 1341 1381 1375 sran-

194 1395 285 1439 gat?
333 1395 390 1429 Tu
415 1400 455 1429 ut
479 1401 515 1429 te
541 1406 704 1439 unquam
730 1395 921 1439 corrigas?
969 1397 1026 1430 Tu
1053 1403 1092 1431 ut
1118 1396 1231 1431 ullam
1256 1398 1382 1442 fugam

194 1451 397 1487 meditere?
413 1452 470 1486 Tu
487 1458 526 1486 ut
544 1451 691 1486 exilium
709 1452 849 1497 cogites
864 1453 878 1487 ?
898 1453 1052 1488 Utinam
1066 1453 1132 1488 tibi
1151 1454 1260 1488 istam
1279 1466 1382 1489 rnen-

193 1518 269 1546 tem
287 1509 324 1544 di
350 1509 576 1543 immortales
592 1508 711 1544 ³duint
728 1511 735 1544 1
802 1509 882 1544 Etsi
900 1510 1019 1553 video,
1038 1510 1068 1545 si
1086 1523 1170 1546 mea
1187 1504 1278 1547 Voce
1303 1524 1382 1558 per-

194 1568 340 1604 territus
358 1566 408 1601 ire
427 1566 463 1601 in
482 1566 630 1601 exilium
647 1565 827 1601 *animum
845 1567 1043 1612 induxeris,
1059 1567 1213 1614 ⁵quanta
1225 1577 1383 1616 tempes‚

194 1634 250 1662 tas
276 1625 435 1660 invidiae
460 1624 579 1668 nobis,
598 1624 628 1659 si
653 1625 775 1660 minus
802 1625 837 1660 in
864 1638 1039 1671 praesens
1064 1633 1220 1673 tempus,
1246 1629 1384 1664 recenti

193 1683 372 1719 memoria
390 1684 570 1717 scelerum
597 1689 754 1726 tuorum,
775 1690 813 1718 at
832 1683 869 1718 in
887 1684 1143 1729 posteritatem
1161 1685 1383 1730 impendeat.

193 1740 283 1778 ‘Sed
307 1747 363 1776 est
387 1739 490 1784 tanti,
509 1740 598 1774 dum
623 1741 736 1775 modo
763 1740 834 1775 ista
852 1741 899 1776 sit
917 1741 1060 1787 privata
1086 1743 1291 1788 calamitas,
1309 1750 1345 1778 et
1363 1755 1385 1779 a

194 1799 246 1835 rei
264 1798 433 1845 pablicae
458 1797 630 1844 periculis
658 1798 881 1844 sejungatur.
934 1800 1009 1835 Sed
1034 1806 1072 1835 tu
1089 1801 1143 1835 '¹ut
1162 1800 1260 1835 vitiis
1286 1812 1384 1836 com-

194 1868 379 1900 moveare,
398 1862 437 1890 ut
455 1856 578 1900 legum
597 1867 736 1901 poenas
761 1857 1011 1902 pertimescas,
1030 1864 1070 1892 ut
1087 1858 1315 1903 temporibus
1333 1859 1383 1894 rei

195 1914 364 1961 publicae
381 1914 502 1956 cedas,
521 1925 595 1948 non
614 1920 669 1948 est
687 1915 958 1959 postulandum.
1016 1915 1148 1960 Neque
1166 1915 1266 1950 enim
1284 1916 1314 1950 is
1332 1928 1384 1960 es,

195 1971 365 2013 Catilina,
384 1976 423 2004 ut
440 1976 476 2004 te
494 1976 556 2004 aut
583 1970 703 2014 pudor
719 1982 882 2016 unquam
900 1983 922 2005 a
939 1971 1166 2017 turpitudine
1183 1979 1246 2007 aut
1263 1980 1384 2008 metus

193 2041 216 2065 a
239 2028 402 2074 periculo
427 2033 489 2061 aut
506 2026 600 2062 ratio
624 2039 647 2062 a
672 2028 791 2062 furore
816 2029 1053 2064 revocaverit.
1104 2039 1157 2072 23.
1186 2030 1308 2073 Quam
1333 2031 1381 2066 ob

193 2098 282 2130 rem,
300 2092 338 2121 ut
364 2097 475 2131 saepe
497 2085 576 2130 jam
601 2084 689 2129 dixi,
709 2086 951 2131 proficiscere,
971 2098 1024 2130 ac,
1043 2087 1074 2122 si
1099 2087 1190 2122 mihi
1215 2087 1378 2132 inimico,

193 2151 232 2180 ut
256 2144 459 2189 praedicas,
486 2149 548 2178 tuo
573 2143 747 2178 ¹conflare
771 2144 827 2178 vis
853 2143 1040 2188 invidiam,
1067 2145 1180 2189 'recta
1205 2157 1317 2191 perge
1343 2147 1379 2182 in

194 2202 341 2237 exilium
359 2213 369 2243 ;
392 2199 466 2235 ³vix
482 2201 597 2235 feram
616 2212 805 2245 sermqnes
829 2202 1032 2246 hominum,
1050 2202 1081 2237 si
1099 2202 1137 2237 id
1162 2203 1302 2247 feceris,
1320 2203 1379 2238 vix

194 2259 330 2293 molem
354 2258 458 2293 istius
483 2258 653 2302 invidiae,
680 2259 710 2292 si
735 2258 772 2293 in
797 2259 945 2294 exilium
966 2260 1071 2305 jussu
1097 2261 1258 2295 consulis
1283 2261 1378 2305 ieris,

195 2316 393 2351 sustinebo.
457 2315 538 2351 ‘Sin
571 2323 694 2351 autem
735 2316 871 2352 servire
903 2329 1009 2353 meae
1041 2318 1140 2353 laudi
1170 2325 1206 2354 et
1240 2319 1378 2363 gloriae
