1695 2724
320 291 368 328 14
692 301 732 327 M.
763 299 900 326 ‘runnu
931 298 1142 325 mcmaeoms

317 390 470 437 antiqua
480 397 681 437 praetereo,
695 389 794 435 quod
814 389 852 423 C.
866 386 1071 423 ⁸Serviliusi
1087 386 1208 421 Ahala
1227 386 1288 430 Sp.
1316 383 1507 428 Maelium,

318 448 437 483 ‘novis
454 449 564 483 rebus
583 447 805 490 studentem,
819 457 932 480 manu
949 456 1016 480 sua
1033 444 1177 479 occidit.
1225 442 1271 476 ‘F
1274 442 1338 487 uit,
1354 441 1421 478 fuit
1438 441 1508 477 ista

319 506 506 552 quondam
526 506 562 540 in
579 506 650 540 hac
667 516 705 539 re
722 504 872 550 publica
888 503 1016 546 virtus,
1034 501 1089 537 ⁸ut
1102 501 1168 536 viri
1185 501 1297 536 fortes
1314 499 1508 536 acerbiori-

320 565 389 599 bus
423 563 610 609 suppliciis
644 562 762 597 civem
804 560 1052 606 perniciosum
1085 570 1197 605 quam
1229 558 1509 593 acerbissimum

321 623 466 657 hostem
493 627 713 656 coercerent.
768 620 960 654 Habemus
985 618 1150 653 ⁷senatus
1175 617 1383 651 consultum
1400 616 1438 651 in
1462 623 1509 660 te,

325 679 497 723 Catilina,
523 679 737 713 ⁸vehemens
765 685 799 712 et
833 688 945 722 grave
962 689 969 711 :
1005 687 1080 710 non
1114 675 1219 710 deest
1243 674 1309 708 ⁹rei
1342 673 1510 720 publicae

323 738 517 773 consilium
534 748 653 782 neque
672 735 871 771 auctoritas
896 734 1005 779 hujus
1022 732 1161 768 ordinis
1180 744 1189 769 :
1205 730 1313 776 ¹⁰nos,
1330 743 1411 776 nos,
1428 731 1511 766 dico

324 802 464 842 aperte,
483 796 654 830 consules
672 794 858 829 desumus.

374 877 423 910 11.
425 885 504 917 —4.
535 874 708 909 Decrevit
725 872 928 920 ¹quondam
954 878 1104 907 senatus
1122 878 1160 906 ut
1181 872 1218 904 L.
1239 870 1409 916 Opimius
1427 881 1512 905 con-

300 933 311 938 ’”
326 935 382 969 sul
405 934 546 968 videret
563 944 610 967 ne
635 931 767 995 quid&
750 943 808 966 res
832 930 981 976 publica
1006 927 1216 964 detrimenti
1242 934 1416 973 caperet3
1441 939 1512 962 nox

326 992 446 1026 nulla'
443 991 685 1031 ²intercessit;
712 980 926 1023 interfectus
951 994 1007 1023 est
1031 987 1195 1032 ³propter
1212 986 1393 1032 quasdam
1418 985 1513 1020 sedi-

326 1050 468 1086 tionum
493 1048 721 1093 suspiciones
750 1048 788 1081 C.
818 1046 1020 1089 Gracchus,
1048 1043 1253 1080 clarissimo
1277 1045 1407 1089 ⁴patre,
1432 1054 1513 1088 avo,

326 1107 529 1154 majoribus
547 1119 553 1140 z
573 1105 717 1141 occisus
735 1112 790 1140 est
808 1103 1043 1140 cumliberis⁵
1066 1104 1101 1137 M
1107 1130 1115 1138 .
1135 1102 1286 1137 Fulvius
1300 1102 1513 1137 consularis.

326 1165 461 1202 ‘Simili
479 1171 628 1199 senatus
646 1163 814 1198 consulto
829 1163 868 1196 C.
895 1162 1012 1196 Mario
1027 1168 1063 1196 et
1084 1161 1120 1195 L.
1141 1161 1289 1195 Valerio
1303 1161 1515 1195 consulibus

328 1231 383 1259 est
408 1222 590 1269 permissa
622 1232 680 1255 res
705 1219 877 1265 publica:
912 1219 1014 1253 ⁷num
1049 1229 1162 1252 unum
1187 1217 1286 1251 diem
1310 1224 1441 1263 postea
1476 1218 1513 1253 L.

330 1279 569 1317 Saturninum
594 1278 781 1314 tribunum
816 1277 932 1322 plebis
958 1282 993 1310 et
1022 1275 1061 1310 C.
1091 1275 1285 1309 Servilium
1309 1281 1515 1319 praetorem

329 1351 428 1375 mors
454 1350 498 1373 ac
516 1336 568 1372 rei
593 1336 764 1382 publicae
781 1346 903 1380 poena
927 1340 1111 1369 remorata
1135 1333 1216 1369 est?
1263 1334 1313 1368 At
1336 1345 1424 1368 vero
1447 1345 1516 1369 nos

328 1397 559 1432 ”vicesimum
588 1394 667 1440 jam
699 1394 799 1428 diem
826 1393 986 1438 patimur
1018 1392 1217 1426 hebescere
1248 1390 1355 1426 ⁹aciei
1384 1391 1514 1426 horum

330 1453 568 1491 auctoritatis.
624 1446 817 1486 Habemus
843 1450 943 1485 enim
959 1449 1068 1495 hujus
1086 1448 1186 1483 modi
1205 1455 1355 1484 senatus
1372 1448 1516 1483 consul-

330 1519 420 1555 tum,
433 1521 561 1545 verum
574 1509 784 1544 ¹⁰inclusum
795 1507 832 1541 in
844 1506 980 1542 tabulis
991 1513 1182 1552 tamquam
1196 1506 1233 1540 in
1246 1506 1381 1550 vagina
1391 1517 1516 1541 recon-
1538 1523 1540 1526 ·

330 1569 491 1611 ditum,¹l
508 1580 580 1614 quo
598 1579 642 1602 ex
660 1574 809 1602 senatus
828 1566 996 1600 consulto
1014 1564 1208 1600 confestim
1233 1563 1465 1600 interfectum
1481 1570 1518 1599 te

331 1638 425 1670 esse,
441 1624 613 1668 Catilina,
629 1618 831 1663 convenit!
861 1616 973 1665 Visis,
994 1621 1056 1657 ¹²et
1069 1621 1161 1656 vivis
1178 1634 1252 1656 non
1271 1622 1318 1656 ad
1332 1622 1518 1667 deponen-

331 1684 419 1719 dam
452 1682 519 1717 sed
551 1682 600 1716 ad
633 1679 925 1715 confirmandam
961 1679 1165 1713 audaciam.
1234 1678 1362 1723 Cupio,
1395 1686 1518 1724 patres

332 1739 544 1784 conscripti,
563 1750 623 1773 me
641 1749 723 1772 esse
737 1738 966 1780 clementem,
981 1736 1088 1780 cupio
1106 1735 1142 1770 in
1157 1735 1268 1770 tantis
1286 1735 1337 1770 rei
1351 1735 1519 1781 publicae

333 1797 504 1844 periculis
536 1807 596 1830 me
629 1807 703 1830 non
722 1794 970 1829 13dissolutum
996 1793 1122 1837 videri,
1149 1793 1215 1828 sed
1244 1793 1323 1838 jam
1347 1804 1408 1828 me
1440 1793 1519 1839 ipse

333 1854 513 1891 “inertiae
527 1853 787 1900 nequitiaeque
801 1852 1020 1887 condemno.
1052 1860 1080 1895 5.
1100 1851 1246 1886 ¹Castra
1259 1858 1343 1885 sunt
1358 1862 1395 1885 in
1413 1851 1519 1887 Italia

333 1920 460 1949 contra
478 1912 654 1957 populum
674 1912 885 1944 Romanum
904 1909 940 1943 in
959 1908 1130 1943 Etruriae
1148 1908 1314 1943 faucibus
1328 1908 1518 1952 collocata,

334 1971 463 2006 crescit
489 1969 539 2003 ²in
566 1969 644 2003 dies
663 1968 826 2012 singulos
851 1967 1015 2002 hostium
1041 1978 1226 2010 numerus,
1243 1978 1371 2001 eorum
1396 1973 1519 2001 autem

334 2037 520 2064 castorum
545 2028 805 2072 imperatorem
832 2025 1039 2070 ducemque
1064 2024 1228 2059 hostium
1253 2024 1348 2059 intra
1373 2023 1520 2059 moenia

334 2096 445 2133 atque
461 2086 570 2120 ³adeo
588 2085 625 2118 in
643 2090 772 2118 senatu
791 2082 958 2119 videmus
978 2082 1189 2117 intestinam
1206 2080 1368 2127 aliquam
1385 2080 1520 2116 cotidie

335 2143 535 2190 perniciem
561 2142 611 2176 rei
637 2141 806 2186 publicae
832 2139 1055 2174 molientem.
1108 2138 1144 2173 Si
1172 2145 1207 2173 te
1241 2138 1331 2183 jam,
1351 2137 1520 2182 Catilina,

335 2200 613 2246 comprehendi,
641 2200 670 2234 si
696 2199 850 2233 interfici
872 2199 1029 2244 jussero,
1055 2196 1194 2240 ⁶credo,
1215 2196 1282 2231 erit
1305 2195 1521 2232 ‘verendum

337 2259 437 2303 mihi,
456 2270 502 2293 ne
527 2269 601 2293 non
627 2257 748 2302 potius
774 2257 844 2290 hoc
871 2265 1000 2290 omnes
1026 2254 1113 2288 boni
1141 2254 1256 2288 serius
1278 2265 1300 2289 a
1325 2265 1385 2289 me
1409 2265 1520 2300 quarn

337 2317 530 2362 quisquam
556 2315 738 2349 crudelius
772 2313 908 2347 factum
934 2324 974 2347 se
999 2312 1107 2346 dicat.
1175 2313 1311 2346 Verum
1339 2324 1407 2354 ego
1440 2313 1520 2351 hoc¹
