1695 2724
393 316 519 342 PRIMA
547 317 695 343 ORATIO
725 318 767 344 IN
798 319 829 344 L.
857 318 1090 345 CATILINAM.
1290 308 1338 345 15

153 404 252 450 quod
273 404 353 450 jam
380 404 523 450 pridem
553 406 689 441 factum
708 419 790 442 esse
817 407 987 452 oportuit,
1009 406 1123 443 'certa
1149 408 1197 442 de
1226 419 1338 443 causa

153 462 318 497 nondum
342 463 516 507 adducor,
541 470 580 498 ut
605 463 748 499 faciam.
799 465 896 499 Tum
923 464 1082 510 denique
1095 464 1338 509 ⁸interf1cicre‚

153 512 236 556 cum
263 518 344 565 jam
376 510 486 555 nemo
518 527 593 556 tam
628 521 830 566 improbus,
861 528 938 556 tam
966 522 1143 566 perditus,
1163 529 1239 557 tam
1271 522 1336 557 ¹³tui

153 577 281 613 similis
292 577 445 612 inveniri
458 577 696 624 poterit,¹⁰qui
710 578 746 612 id
758 590 831 613 non
835 579 848 623 j
854 590 915 613 ure
928 579 1065 613 factum
1078 591 1159 615 esse
1171 580 1336 616 fateatur.

152 636 183 670 6.
215 635 336 680 Quam
349 635 410 670 diu
421 635 630 681 ¹quisquam
642 635 708 671 erit
723 636 783 682 qui
798 643 833 671 te
849 637 1047 671 defendere
1062 638 1210 681 audeat,
1223 638 1336 682 vives,

153 693 218 728 sed
246 692 347 729 vives
377 693 439 736 ita,
467 700 505 728 ut
524 693 638 736 ²vivis,
665 693 788 728 multis
818 694 910 728 meis
941 701 975 728 et
1004 694 1118 729 firmis
1144 695 1337 740 praesidiis

152 761 359 795 oppressus,
378 762 423 784 ne
440 749 688 785 ⁸commovere
706 758 741 785 te
760 757 887 786 contra
906 763 982 785 rcm
1001 752 1184 796 publicam
1200 752 1330 798 possis.

155 808 355 842 Multorum
384 814 419 842 te
448 807 560 842 etiam
586 808 742 843 oculi'et
768 820 875 843 aures
898 820 972 843 non
991 809 1224 854 sentientem,
1244 811 1335 845 sicut

151 865 272 900 adhuc
287 863 476 908 ⁴fecerunt,
494 866 781 910 speculabuntur
799 873 909 912 atque
928 867 1146 902 custodient.
1335 866 1352 913 Ἰ
1391 900 1435 916 ,Α

201 943 485 980 111.—⁶Etenim
499 944 587 990 quid
599 952 667 988 est,
683 945 852 989 Catilina,
876 946 975 991 quod
989 946 1068 991 jam
1085 947 1244 992 amplius
1261 949 1335 982 ⁶ex-

151 1009 307 1047 spectes,
325 1003 354 1036 si
381 1013 502 1048 neque
518 1013 591 1049 nox
605 1003 767 1037 tenebris
780 1004 979 1052 obscura12
988 1003 1152 1049 ⁷coeptus
1175 1004 1334 1040 nefarios
1396 1015 1425 1043 ρ,

152 1070 271 1105 neque
285 1059 442 1104 ⁸privata
455 1059 588 1094 domus
599 1059 814 1104 ⁹parietibus
827 1060 1010 1108 contineri
1019 1060 1155 1096 ¹⁰voces
1168 1062 1333 1107 conjura-

151 1116 260 1152 tionis
274 1124 358 1151 tuae
370 1118 518 1161 potest?
567 1118 605 1151 Si
624 1116 899 1161 ¹¹inlustrantur,
919 1118 949 1152 si
967 1125 1164 1163 erumpunt
1182 1119 1335 1154 omnia?

153 1175 257 1210 Muta
263 1175 341 1219 jam
356 1173 492 1209 1²istam
505 1181 678 1218 mentem,
691 1175 808 1209 ¹³mihi
820 1175 930 1210 crede
950 1178 956 1210 ἔ
975 1175 1195 1211 obliviscere
1208 1178 1333 1213 caedis

150 1240 260 1279 atque
272 1231 533 1267 incendiorum.
589 1231 769 1267 “Teneris
783 1233 945 1278 undique
963 1245 970 1268 :
989 1234 1071 1268 luce
1083 1241 1166 1269 sunt
1179 1234 1333 1270 clariora

149 1290 256 1326 nobis
282 1297 344 1325 tua
368 1289 522 1325 consilia
539 1290 665 1324 omnia
679 1303 687 1332 3
719 1302 814 1336 quae
834 1290 914 1336 jam
931 1302 1078 1326 mecum
1103 1292 1187 1327 licet
1206 1293 1331 1328 ¹⁵reco-

148 1358 316 1393 gnoscas.
367 1355 398 1389 7.
424 1343 693 1382 ¹Meministine
723 1358 782 1382 me
816 1349 916 1383 ‘²ante
945 1348 1045 1382 diem
1069 1348 1331 1384 duodecimum

152 1405 339 1443 Kalendas
353 1404 584 1439 Novembres
602 1404 724 1439 dicere
737 1404 773 1439 in
788 1412 929 1449 senatu,
943 1405 1020 1439 fore
1035 1405 1071 1439 in
1086 1406 1198 1440 armis
1216 1406 1331 1441 ³certo

148 1463 219 1506 die,
237 1463 298 1508 qui
324 1462 403 1497 dies
426 1462 567 1497 futurus
593 1469 689 1497 esset
719 1470 805 1497 ante
834 1463 934 1497 diem
965 1470 1109 1498 sextum
1142 1464 1331 1499 Kalendas

150 1521 393 1563 Novembres,
420 1520 459 1554 C.
490 1519 684 1562 Manlium,
703 1519 896 1555 ‘audaciae
922 1520 1119 1555 satellitem
1134 1528 1245 1567 atque
1265 1523 1329 1557 ad—

149 1577 355 1612 ministrum
380 1577 493 1611 tuae?
539 1577 589 1610 ⁵N
595 1588 657 1611 um
686 1588 746 1612 me
770 1577 907 1621 fefellit,
936 1578 1107 1621 Catilina,
1127 1590 1201 1613 non
1219 1580 1332 1615 modo

148 1647 204 1670 res
229 1641 343 1678 tanta,
361 1641 437 1669 tam
461 1641 578 1677 atrOX‚
597 1641 748 1680 tamque
774 1624 1012 1678 incredibilis,
1032 1646 1159 1670 verum
1177 1635 1214 1671 id
1231 1638 1330 1683 quod

148 1694 262 1731 multo
274 1693 393 1737 magis
411 1692 681 1736 admirandum,
697 1693 797 1728 dies?
831 1693 917 1727 Dixi
931 1705 1001 1738 ego
1019 1693 1119 1728 idem
1134 1694 1170 1728 in
1189 1702 1332 1739 senatu,

146 1751 315 1786 sscaedem
331 1757 368 1785 te
384 1749 632 1795 '‘optimatium
650 1751 850 1785 contulisse
868 1751 904 1785 in
932 1757 1018 1785 ante
1039 1751 1139 1786 diem
1162 1753 1329 1798 quintum

149 1808 338 1844 Kalendas
364 1808 611 1851 Novembres,
631 1814 710 1842 tum
728 1820 811 1843 cum
829 1808 933 1843 multi
960 1809 1145 1855 principes
1171 1809 1329 1846 civitatis

148 1867 268 1901 Roma
286 1876 360 1900 non
377 1872 454 1900 tarn
466 1863 536 1899 ⁸sui
551 1865 793 1900 conservandi
806 1877 917 1911 quarn
935 1873 1080 1901 tuorum
1093 1868 1328 1909 consiliorum

145 1923 474 1969 ’reprimendorum
499 1934 611 1957 causa
625 1924 870 1968 profugerunt.
924 1925 1026 1958 Num
1051 1925 1197 1960 infitiari
1224 1934 1327 1971 potes

147 1988 182 2016 te
199 1981 260 2015 illo
285 1979 344 2015 die
369 1979 462 2014 meis
488 1980 691 2025 praesidiis,
718 1992 802 2015 mea
827 1981 1021 2025 diligentia
1046 1981 1327 2019 circumclusum

146 2049 378 2074 commovere
395 2044 431 2072 te
449 2044 574 2072 contra
600 2049 677 2072 rem
701 2039 886 2083 publicam
904 2050 979 2073 non
997 2039 1172 2081 potuisse,
1191 2052 1275 2075 cum
1293 2049 1328 2076 te

146 2096 310 2131 discessu
345 2102 547 2130 ceterorum
583 2103 709 2130 nostra
745 2103 881 2139 tamen,
917 2096 978 2142 qui
1010 2098 1328 2144 remansissemus,
1379 2132 1417 2136 ,-

145 2154 257 2188 caede
275 2159 488 2188 contentum
503 2164 541 2186 se
553 2153 702 2187 dicebas
718 2154 732 2187 ?
768 2153 799 2187 8.
831 2153 944 2197 ¹Quid
956 2155 969 2189 ?
981 2166 1063 2188 cum
1079 2161 1116 2189 tu
1132 2157 1180 2189 ⁹te
1194 2157 1326 2191 Praen-

145 2220 223 2244 este
249 2209 425 2243 Kalendis
446 2208 536 2253 ipsis
562 2201 836 2243 Novembribus
859 2216 1123 2255 occupaturum
1148 2218 1327 2246 nocturno

146 2267 282 2311 impetu
310 2278 391 2301 esse
420 2266 636 2309 confideres,
662 2266 873 2301 'sensistine
902 2267 1000 2301 illam
1030 2268 1213 2302 coloniam
1242 2281 1326 2304 meo

144 2325 244 2368 jussu
263 2324 353 2358 meis
372 2323 577 2368 praesidiis,
596 2324 774 2358 custodiis
792 2324 999 2369 vigiliisque
1015 2336 1098 2360 esse
1121 2326 1300 2361 munitam
1314 2336 1327 2361 r
