<?xml version="1.0" encoding="UTF-8"?>
<!DOCTYPE html PUBLIC "-//W3C//DTD XHTML 1.0 Transitional//EN"
    "http://www.w3.org/TR/xhtml1/DTD/xhtml1-transitional.dtd">
<html xmlns="http://www.w3.org/1999/xhtml" xml:lang="en" lang="en">
 <head>
  <title>
</title>
<meta http-equiv="Content-Type" content="text/html;charset=utf-8" />
  <meta name='ocr-system' content='tesseract 3.04.00' />
  <meta name='ocr-capabilities' content='ocr_page ocr_carea ocr_par ocr_line ocrx_word'/>
</head>
<body>
  <div class='ocr_page' id='page_1' title='image "./firstorationofci00cice/firstorationofci00cice_0021.png"; bbox 0 0 1695 2724; ppageno 0'>
   <div class='ocr_carea' id='block_1_1' title="bbox 279 567 1250 727">
    <p class='ocr_par' dir='ltr' id='par_1_1' title="bbox 279 567 1250 727">
     <span class='ocr_line' id='line_1_1' title="bbox 395 567 1105 611; baseline 0 -1"><span class='ocrx_word' id='word_1_1' title='bbox 395 568 453 610; x_wconf 92' lang='lat' dir='ltr'>M.</span> <span class='ocrx_word' id='word_1_2' title='bbox 494 569 717 610; x_wconf 93' lang='lat' dir='ltr'>TULLII</span> <span class='ocrx_word' id='word_1_3' title='bbox 763 567 1105 611; x_wconf 88' lang='lat' dir='ltr'>CICERONIS</span> 
     </span>
     <span class='ocr_line' id='line_1_2' title="bbox 279 678 1250 727; baseline -0.003 -1"><span class='ocrx_word' id='word_1_4' title='bbox 279 679 562 727; x_wconf 84' lang='lat' dir='ltr'><strong>ORATIO</strong></span> <span class='ocrx_word' id='word_1_5' title='bbox 604 680 679 726; x_wconf 94' lang='lat' dir='ltr'>IN</span> <span class='ocrx_word' id='word_1_6' title='bbox 725 680 778 727; x_wconf 93' lang='lat' dir='ltr'>L.</span> <span class='ocrx_word' id='word_1_7' title='bbox 822 678 1250 727; x_wconf 86' lang='lat' dir='ltr'>CATILINAM</span> 
     </span>
    </p>
   </div>
   <div class='ocr_carea' id='block_1_2' title="bbox 465 801 1034 948">
    <p class='ocr_par' dir='ltr' id='par_1_2' title="bbox 465 801 1034 948">
     <span class='ocr_line' id='line_1_3' title="bbox 651 801 848 839; baseline 0 0"><span class='ocrx_word' id='word_1_8' title='bbox 651 801 848 839; x_wconf 83' lang='lat' dir='ltr'><strong>PRIMA.</strong></span> 
     </span>
     <span class='ocr_line' id='line_1_4' title="bbox 465 909 1034 948; baseline 0 -2"><span class='ocrx_word' id='word_1_9' title='bbox 465 909 680 946; x_wconf 91' lang='lat' dir='ltr'><strong>HABITA</strong></span> <span class='ocrx_word' id='word_1_10' title='bbox 711 910 772 946; x_wconf 96' lang='lat' dir='ltr'>IN</span> <span class='ocrx_word' id='word_1_11' title='bbox 801 910 1034 948; x_wconf 91' lang='lat' dir='ltr'><strong>SENATU.</strong></span> 
     </span>
    </p>
   </div>
   <div class='ocr_carea' id='block_1_3' title="bbox 158 1006 1345 2256">
    <p class='ocr_par' dir='ltr' id='par_1_3' title="bbox 158 1006 1345 2256">
     <span class='ocr_line' id='line_1_5' title="bbox 211 1006 1343 1052; baseline 0.001 -11"><span class='ocrx_word' id='word_1_12' title='bbox 211 1008 319 1041; x_wconf 81' lang='lat' dir='ltr'>I-·-1.</span> <span class='ocrx_word' id='word_1_13' title='bbox 346 1007 442 1049; x_wconf 90' lang='lat' dir='ltr'>¹Qu0</span> <span class='ocrx_word' id='word_1_14' title='bbox 472 1017 587 1051; x_wconf 88' lang='lat' dir='ltr'>usque</span> <span class='ocrx_word' id='word_1_15' title='bbox 605 1006 757 1040; x_wconf 88' lang='lat' dir='ltr'>tandem</span> <span class='ocrx_word' id='word_1_16' title='bbox 782 1006 945 1050; x_wconf 80' lang='lat' dir='ltr'>abutere,</span> <span class='ocrx_word' id='word_1_17' title='bbox 973 1006 1142 1050; x_wconf 79' lang='lat' dir='ltr'>Catilina,</span> <span class='ocrx_word' id='word_1_18' title='bbox 1169 1007 1343 1052; x_wconf 85' lang='lat' dir='ltr'>patientia</span> 
     </span>
     <span class='ocr_line' id='line_1_6' title="bbox 165 1063 1343 1108; baseline 0.001 -9"><span class='ocrx_word' id='word_1_19' title='bbox 165 1065 313 1100; x_wconf 79' lang='lat' dir='ltr'>nostra?</span> <span class='ocrx_word' id='word_1_20' title='bbox 362 1064 483 1107; x_wconf 85' lang='lat' dir='ltr'>Quam</span> <span class='ocrx_word' id='word_1_21' title='bbox 495 1063 557 1097; x_wconf 92' lang='lat' dir='ltr'>diu</span> <span class='ocrx_word' id='word_1_22' title='bbox 569 1063 695 1097; x_wconf 79' lang='lat' dir='ltr'>²etiam</span> <span class='ocrx_word' id='word_1_23' title='bbox 706 1063 819 1097; x_wconf 81' lang='lat' dir='ltr'>³furor</span> <span class='ocrx_word' id='word_1_24' title='bbox 832 1063 901 1098; x_wconf 87' lang='lat' dir='ltr'>iste</span> <span class='ocrx_word' id='word_1_25' title='bbox 913 1070 996 1098; x_wconf 86' lang='lat' dir='ltr'>tuus</span> <span class='ocrx_word' id='word_1_26' title='bbox 1010 1064 1173 1099; x_wconf 72' lang='lat' dir='ltr'>4eludet?</span> <span class='ocrx_word' id='word_1_27' title='bbox 1208 1063 1343 1108; x_wconf 84' lang='lat' dir='ltr'>⁵Quem</span> 
     </span>
     <span class='ocr_line' id='line_1_7' title="bbox 163 1121 1344 1166; baseline 0.001 -9"><span class='ocrx_word' id='word_1_28' title='bbox 163 1123 209 1158; x_wconf 90' lang='lat' dir='ltr'>ad</span> <span class='ocrx_word' id='word_1_29' title='bbox 238 1122 349 1156; x_wconf 84' lang='lat' dir='ltr'>finem</span> <span class='ocrx_word' id='word_1_30' title='bbox 373 1133 453 1155; x_wconf 88' lang='lat' dir='ltr'>sese</span> <span class='ocrx_word' id='word_1_31' title='bbox 479 1121 655 1155; x_wconf 85' lang='lat' dir='ltr'>effrenata</span> <span class='ocrx_word' id='word_1_32' title='bbox 679 1121 844 1166; x_wconf 80' lang='lat' dir='ltr'>⁶jactabit</span> <span class='ocrx_word' id='word_1_33' title='bbox 871 1122 1058 1156; x_wconf 87' lang='lat' dir='ltr'>audacia?</span> <span class='ocrx_word' id='word_1_34' title='bbox 1118 1121 1284 1157; x_wconf 85' lang='lat' dir='ltr'>⁷Nihilne</span> <span class='ocrx_word' id='word_1_35' title='bbox 1310 1130 1344 1158; x_wconf 89' lang='lat' dir='ltr'>te</span> 
     </span>
     <span class='ocr_line' id='line_1_8' title="bbox 162 1177 1344 1224; baseline -0.001 -9"><span class='ocrx_word' id='word_1_36' title='bbox 162 1186 380 1215; x_wconf 81' lang='lat' dir='ltr'>nocturnum</span> <span class='ocrx_word' id='word_1_37' title='bbox 404 1177 630 1224; x_wconf 78' lang='lat' dir='ltr'>praesidium</span> <span class='ocrx_word' id='word_1_38' title='bbox 658 1178 802 1221; x_wconf 89' lang='lat' dir='ltr'>Palatii,</span> <span class='ocrx_word' id='word_1_39' title='bbox 830 1177 921 1212; x_wconf 86' lang='lat' dir='ltr'>nihil</span> <span class='ocrx_word' id='word_1_40' title='bbox 947 1179 1047 1213; x_wconf 89' lang='lat' dir='ltr'>urbis</span> <span class='ocrx_word' id='word_1_41' title='bbox 1073 1179 1231 1224; x_wconf 86' lang='lat' dir='ltr'>vigiliae,</span> <span class='ocrx_word' id='word_1_42' title='bbox 1255 1181 1344 1215; x_wconf 91' lang='lat' dir='ltr'>nihil</span> 
     </span>
     <span class='ocr_line' id='line_1_9' title="bbox 162 1234 1345 1281; baseline -0.001 -9"><span class='ocrx_word' id='word_1_43' title='bbox 162 1237 268 1272; x_wconf 88' lang='lat' dir='ltr'>timor</span> <span class='ocrx_word' id='word_1_44' title='bbox 285 1235 420 1281; x_wconf 89' lang='lat' dir='ltr'>populi,</span> <span class='ocrx_word' id='word_1_45' title='bbox 438 1234 529 1270; x_wconf 90' lang='lat' dir='ltr'>nihil</span> <span class='ocrx_word' id='word_1_46' title='bbox 550 1246 750 1270; x_wconf 84' lang='lat' dir='ltr'>concursus</span> <span class='ocrx_word' id='word_1_47' title='bbox 767 1236 949 1270; x_wconf 87' lang='lat' dir='ltr'>bonorum</span> <span class='ocrx_word' id='word_1_48' title='bbox 975 1236 1152 1277; x_wconf 90' lang='lat' dir='ltr'>omniurn,</span> <span class='ocrx_word' id='word_1_49' title='bbox 1170 1236 1260 1271; x_wconf 88' lang='lat' dir='ltr'>nihil</span> <span class='ocrx_word' id='word_1_50' title='bbox 1286 1237 1345 1272; x_wconf 93' lang='lat' dir='ltr'>hic</span> 
     </span>
     <span class='ocr_line' id='line_1_10' title="bbox 161 1291 1345 1335; baseline 0 -7"><span class='ocrx_word' id='word_1_51' title='bbox 161 1291 426 1328; x_wconf 86' lang='lat' dir='ltr'>munitissimus</span> <span class='ocrx_word' id='word_1_52' title='bbox 450 1291 613 1325; x_wconf 87' lang='lat' dir='ltr'>habendi</span> <span class='ocrx_word' id='word_1_53' title='bbox 632 1298 782 1326; x_wconf 85' lang='lat' dir='ltr'>senatus</span> <span class='ocrx_word' id='word_1_54' title='bbox 799 1291 912 1335; x_wconf 90' lang='lat' dir='ltr'>locus,</span> <span class='ocrx_word' id='word_1_55' title='bbox 931 1291 1021 1326; x_wconf 88' lang='lat' dir='ltr'>nihil</span> <span class='ocrx_word' id='word_1_56' title='bbox 1039 1293 1170 1327; x_wconf 91' lang='lat' dir='ltr'>horum</span> <span class='ocrx_word' id='word_1_57' title='bbox 1187 1304 1253 1328; x_wconf 86' lang='lat' dir='ltr'>ora</span> <span class='ocrx_word' id='word_1_58' title='bbox 1270 1295 1345 1328; x_wconf 84' lang='lat' dir='ltr'>vul-</span> 
     </span>
     <span class='ocr_line' id='line_1_11' title="bbox 161 1349 1344 1398; baseline 0.001 -14"><span class='ocrx_word' id='word_1_59' title='bbox 161 1357 291 1395; x_wconf 85' lang='lat' dir='ltr'>tusque</span> <span class='ocrx_word' id='word_1_60' title='bbox 308 1356 509 1383; x_wconf 90' lang='lat' dir='ltr'>moverunt.</span> <span class='ocrx_word' id='word_1_61' title='bbox 563 1350 691 1383; x_wconf 88' lang='lat' dir='ltr'>Patere</span> <span class='ocrx_word' id='word_1_62' title='bbox 708 1355 772 1384; x_wconf 85' lang='lat' dir='ltr'>tua</span> <span class='ocrx_word' id='word_1_63' title='bbox 788 1349 943 1384; x_wconf 87' lang='lat' dir='ltr'>consilia</span> <span class='ocrx_word' id='word_1_64' title='bbox 958 1361 1031 1383; x_wconf 92' lang='lat' dir='ltr'>non</span> <span class='ocrx_word' id='word_1_65' title='bbox 1047 1349 1187 1398; x_wconf 85' lang='lat' dir='ltr'>sentis?</span> <span class='ocrx_word' id='word_1_66' title='bbox 1233 1352 1344 1385; x_wconf 76' lang='lat' dir='ltr'>⁸Con-</span> 
     </span>
     <span class='ocr_line' id='line_1_12' title="bbox 161 1405 1344 1452; baseline 0.001 -11"><span class='ocrx_word' id='word_1_67' title='bbox 161 1407 326 1442; x_wconf 88' lang='lat' dir='ltr'>strictam</span> <span class='ocrx_word' id='word_1_68' title='bbox 355 1406 519 1439; x_wconf 87' lang='lat' dir='ltr'>omnium</span> <span class='ocrx_word' id='word_1_69' title='bbox 546 1406 677 1439; x_wconf 90' lang='lat' dir='ltr'>horum</span> <span class='ocrx_word' id='word_1_70' title='bbox 707 1405 862 1440; x_wconf 86' lang='lat' dir='ltr'>scientia</span> <span class='ocrx_word' id='word_1_71' title='bbox 903 1406 1018 1440; x_wconf 90' lang='lat' dir='ltr'>teneri</span> <span class='ocrx_word' id='word_1_72' title='bbox 1053 1407 1344 1452; x_wconf 87' lang='lat' dir='ltr'>conjurationem</span> 
     </span>
     <span class='ocr_line' id='line_1_13' title="bbox 159 1464 1342 1511; baseline 0.001 -9"><span class='ocrx_word' id='word_1_73' title='bbox 159 1476 261 1502; x_wconf 85' lang='lat' dir='ltr'>tuam</span> <span class='ocrx_word' id='word_1_74' title='bbox 289 1477 363 1500; x_wconf 91' lang='lat' dir='ltr'>non</span> <span class='ocrx_word' id='word_1_75' title='bbox 392 1465 523 1499; x_wconf 90' lang='lat' dir='ltr'>vides?</span> <span class='ocrx_word' id='word_1_76' title='bbox 573 1464 670 1508; x_wconf 88' lang='lat' dir='ltr'>Quid</span> <span class='ocrx_word' id='word_1_77' title='bbox 687 1464 879 1510; x_wconf 78' lang='lat' dir='ltr'>⁹proxima,</span> <span class='ocrx_word' id='word_1_78' title='bbox 905 1466 993 1511; x_wconf 91' lang='lat' dir='ltr'>quid</span> <span class='ocrx_word' id='word_1_79' title='bbox 1019 1467 1206 1511; x_wconf 83' lang='lat' dir='ltr'>superiore</span> <span class='ocrx_word' id='word_1_80' title='bbox 1236 1475 1342 1503; x_wconf 88' lang='lat' dir='ltr'>nocte</span> 
     </span>
     <span class='ocr_line' id='line_1_14' title="bbox 160 1522 1344 1570; baseline 0.002 -12"><span class='ocrx_word' id='word_1_81' title='bbox 160 1523 292 1568; x_wconf 86' lang='lat' dir='ltr'>egeris,</span> <span class='ocrx_word' id='word_1_82' title='bbox 312 1522 373 1557; x_wconf 90' lang='lat' dir='ltr'>ubi</span> <span class='ocrx_word' id='word_1_83' title='bbox 391 1522 512 1564; x_wconf 83' lang='lat' dir='ltr'>fueris,</span> <span class='ocrx_word' id='word_1_84' title='bbox 527 1533 619 1567; x_wconf 89' lang='lat' dir='ltr'>quos</span> <span class='ocrx_word' id='word_1_85' title='bbox 638 1523 910 1566; x_wconf 79' lang='lat' dir='ltr'>convocaveris,</span> <span class='ocrx_word' id='word_1_86' title='bbox 922 1523 1009 1568; x_wconf 86' lang='lat' dir='ltr'>quid</span> <span class='ocrx_word' id='word_1_87' title='bbox 1028 1524 1170 1558; x_wconf 86' lang='lat' dir='ltr'>consilii</span> <span class='ocrx_word' id='word_1_88' title='bbox 1191 1525 1344 1570; x_wconf 75' lang='lat' dir='ltr'>ceperis,</span> 
     </span>
     <span class='ocr_line' id='line_1_15' title="bbox 159 1579 1343 1627; baseline 0.002 -11"><span class='ocrx_word' id='word_1_89' title='bbox 159 1592 271 1627; x_wconf 87' lang='lat' dir='ltr'>quem</span> <span class='ocrx_word' id='word_1_90' title='bbox 295 1581 487 1614; x_wconf 80' lang='lat' dir='ltr'>¹⁰nostrum</span> <span class='ocrx_word' id='word_1_91' title='bbox 514 1579 680 1623; x_wconf 86' lang='lat' dir='ltr'>ignorare</span> <span class='ocrx_word' id='word_1_92' title='bbox 706 1580 927 1615; x_wconf 83' lang='lat' dir='ltr'>arbitraris?</span> <span class='ocrx_word' id='word_1_93' title='bbox 976 1591 1006 1615; x_wconf 89' lang='lat'>2.</span> <span class='ocrx_word' id='word_1_94' title='bbox 1035 1581 1067 1615; x_wconf 89' lang='lat' dir='ltr'>O</span> <span class='ocrx_word' id='word_1_95' title='bbox 1098 1588 1274 1626; x_wconf 88' lang='lat' dir='ltr'>tempora,</span> <span class='ocrx_word' id='word_1_96' title='bbox 1311 1584 1343 1618; x_wconf 94' lang='lat' dir='ltr'>O</span> 
     </span>
     <span class='ocr_line' id='line_1_16' title="bbox 160 1636 1343 1681; baseline 0.002 -8"><span class='ocrx_word' id='word_1_97' title='bbox 160 1640 300 1673; x_wconf 83' lang='lat' dir='ltr'>mores!</span> <span class='ocrx_word' id='word_1_98' title='bbox 326 1644 476 1672; x_wconf 85' lang='lat' dir='ltr'>senatus</span> <span class='ocrx_word' id='word_1_99' title='bbox 505 1637 597 1671; x_wconf 90' lang='lat' dir='ltr'>haec</span> <span class='ocrx_word' id='word_1_100' title='bbox 623 1636 812 1681; x_wconf 86' lang='lat' dir='ltr'>intellegit,</span> <span class='ocrx_word' id='word_1_101' title='bbox 833 1639 961 1672; x_wconf 86' lang='lat' dir='ltr'>consul</span> <span class='ocrx_word' id='word_1_102' title='bbox 984 1638 1108 1673; x_wconf 92' lang='lat' dir='ltr'>videt:</span> <span class='ocrx_word' id='word_1_103' title='bbox 1135 1639 1195 1674; x_wconf 91' lang='lat' dir='ltr'>hic</span> <span class='ocrx_word' id='word_1_104' title='bbox 1220 1647 1343 1675; x_wconf 89' lang='lat' dir='ltr'>tamen</span> 
     </span>
     <span class='ocr_line' id='line_1_17' title="bbox 161 1694 1343 1742; baseline 0.001 -11"><span class='ocrx_word' id='word_1_105' title='bbox 161 1696 273 1731; x_wconf 78' lang='lat' dir='ltr'>vivit.¹</span> <span class='ocrx_word' id='word_1_106' title='bbox 298 1694 425 1730; x_wconf 83' lang='lat' dir='ltr'>Vivit?</span> <span class='ocrx_word' id='word_1_107' title='bbox 447 1694 560 1728; x_wconf 89' lang='lat' dir='ltr'>immo</span> <span class='ocrx_word' id='word_1_108' title='bbox 578 1706 665 1728; x_wconf 94' lang='lat' dir='ltr'>vero</span> <span class='ocrx_word' id='word_1_109' title='bbox 683 1695 795 1729; x_wconf 81' lang='lat' dir='ltr'>etiam</span> <span class='ocrx_word' id='word_1_110' title='bbox 809 1695 859 1729; x_wconf 88' lang='lat' dir='ltr'>²in</span> <span class='ocrx_word' id='word_1_111' title='bbox 879 1702 1047 1730; x_wconf 90' lang='lat' dir='ltr'>senatum</span> <span class='ocrx_word' id='word_1_112' title='bbox 1064 1696 1174 1739; x_wconf 87' lang='lat' dir='ltr'>venit,</span> <span class='ocrx_word' id='word_1_113' title='bbox 1194 1697 1233 1732; x_wconf 88' lang='lat' dir='ltr'>fit</span> <span class='ocrx_word' id='word_1_114' title='bbox 1253 1699 1343 1742; x_wconf 91' lang='lat' dir='ltr'>pub-</span> 
     </span>
     <span class='ocr_line' id='line_1_18' title="bbox 160 1753 1343 1797; baseline 0 -7"><span class='ocrx_word' id='word_1_115' title='bbox 160 1754 218 1790; x_wconf 88' lang='lat' dir='ltr'>lici</span> <span class='ocrx_word' id='word_1_116' title='bbox 236 1753 378 1789; x_wconf 84' lang='lat' dir='ltr'>consilii</span> <span class='ocrx_word' id='word_1_117' title='bbox 396 1753 591 1797; x_wconf 85' lang='lat' dir='ltr'>particeps,</span> <span class='ocrx_word' id='word_1_118' title='bbox 609 1753 726 1787; x_wconf 81' lang='lat' dir='ltr'>³notat</span> <span class='ocrx_word' id='word_1_119' title='bbox 744 1759 780 1787; x_wconf 93' lang='lat' dir='ltr'>et</span> <span class='ocrx_word' id='word_1_120' title='bbox 798 1753 967 1797; x_wconf 79' lang='lat' dir='ltr'>designat</span> <span class='ocrx_word' id='word_1_121' title='bbox 989 1753 1104 1788; x_wconf 91' lang='lat' dir='ltr'>oculis</span> <span class='ocrx_word' id='word_1_122' title='bbox 1130 1754 1176 1788; x_wconf 92' lang='lat' dir='ltr'>ad</span> <span class='ocrx_word' id='word_1_123' title='bbox 1192 1756 1343 1790; x_wconf 88' lang='lat' dir='ltr'>caedem</span> 
     </span>
     <span class='ocr_line' id='line_1_19' title="bbox 159 1810 1342 1856; baseline -0.001 -9"><span class='ocrx_word' id='word_1_124' title='bbox 159 1823 272 1847; x_wconf 89' lang='lat' dir='ltr'>unum</span> <span class='ocrx_word' id='word_1_125' title='bbox 300 1821 484 1856; x_wconf 87' lang='lat' dir='ltr'>quemque</span> <span class='ocrx_word' id='word_1_126' title='bbox 501 1816 676 1844; x_wconf 85' lang='lat' dir='ltr'>nostrum.</span> <span class='ocrx_word' id='word_1_127' title='bbox 730 1811 810 1844; x_wconf 90' lang='lat' dir='ltr'>Nos</span> <span class='ocrx_word' id='word_1_128' title='bbox 836 1817 973 1853; x_wconf 88' lang='lat' dir='ltr'>autem,</span> <span class='ocrx_word' id='word_1_129' title='bbox 997 1810 1076 1844; x_wconf 68' lang='lat' dir='ltr'>*viri</span> <span class='ocrx_word' id='word_1_130' title='bbox 1102 1811 1226 1855; x_wconf 85' lang='lat' dir='ltr'>fortes,</span> <span class='ocrx_word' id='word_1_131' title='bbox 1254 1812 1342 1846; x_wconf 87' lang='lat' dir='ltr'>satis</span> 
     </span>
     <span class='ocr_line' id='line_1_20' title="bbox 160 1866 1341 1912; baseline -0.001 -7"><span class='ocrx_word' id='word_1_132' title='bbox 160 1870 279 1904; x_wconf 90' lang='lat' dir='ltr'>facere</span> <span class='ocrx_word' id='word_1_133' title='bbox 306 1868 358 1903; x_wconf 89' lang='lat' dir='ltr'>rei</span> <span class='ocrx_word' id='word_1_134' title='bbox 390 1867 559 1912; x_wconf 87' lang='lat' dir='ltr'>publicae</span> <span class='ocrx_word' id='word_1_135' title='bbox 590 1866 784 1909; x_wconf 81' lang='lat' dir='ltr'>⁵videmur‚</span> <span class='ocrx_word' id='word_1_136' title='bbox 817 1867 847 1902; x_wconf 87' lang='lat' dir='ltr'>si</span> <span class='ocrx_word' id='word_1_137' title='bbox 882 1867 986 1902; x_wconf 88' lang='lat' dir='ltr'>istius</span> <span class='ocrx_word' id='word_1_138' title='bbox 1020 1868 1177 1903; x_wconf 87' lang='lat' dir='ltr'>furorem</span> <span class='ocrx_word' id='word_1_139' title='bbox 1210 1880 1253 1903; x_wconf 89' lang='lat' dir='ltr'>ac</span> <span class='ocrx_word' id='word_1_140' title='bbox 1271 1871 1341 1904; x_wconf 89' lang='lat' dir='ltr'>tela</span> 
     </span>
     <span class='ocr_line' id='line_1_21' title="bbox 159 1923 1342 1970; baseline 0 -9"><span class='ocrx_word' id='word_1_141' title='bbox 159 1927 338 1962; x_wconf 68' lang='lat' dir='ltr'>&#39;vitemus</span> <span class='ocrx_word' id='word_1_142' title='bbox 387 1923 460 1959; x_wconf 84' lang='lat' dir='ltr'>⁷Ad</span> <span class='ocrx_word' id='word_1_143' title='bbox 494 1931 650 1958; x_wconf 88' lang='lat' dir='ltr'>mortem</span> <span class='ocrx_word' id='word_1_144' title='bbox 680 1932 725 1968; x_wconf 90' lang='lat' dir='ltr'>te,</span> <span class='ocrx_word' id='word_1_145' title='bbox 746 1925 914 1968; x_wconf 84' lang='lat' dir='ltr'>Catilina,</span> <span class='ocrx_word' id='word_1_146' title='bbox 933 1925 1017 1959; x_wconf 93' lang='lat' dir='ltr'>duci</span> <span class='ocrx_word' id='word_1_147' title='bbox 1047 1927 1151 1970; x_wconf 85' lang='lat' dir='ltr'>jussu</span> <span class='ocrx_word' id='word_1_148' title='bbox 1181 1927 1342 1961; x_wconf 88' lang='lat' dir='ltr'>consulis</span> 
     </span>
     <span class='ocr_line' id='line_1_22' title="bbox 158 1979 1341 2029; baseline 0 -11"><span class='ocrx_word' id='word_1_149' title='bbox 158 1984 233 2028; x_wconf 75' lang='lat' dir='ltr'>Jam</span> <span class='ocrx_word' id='word_1_150' title='bbox 250 1983 393 2029; x_wconf 86' lang='lat' dir='ltr'>pridem</span> <span class='ocrx_word' id='word_1_151' title='bbox 410 1982 615 2026; x_wconf 81' lang='lat' dir='ltr'>oportebat,</span> <span class='ocrx_word' id='word_1_152' title='bbox 631 1979 682 2015; x_wconf 82' lang='lat' dir='ltr'>⁸in</span> <span class='ocrx_word' id='word_1_153' title='bbox 700 1988 736 2016; x_wconf 89' lang='lat' dir='ltr'>te</span> <span class='ocrx_word' id='word_1_154' title='bbox 754 1981 908 2016; x_wconf 89' lang='lat' dir='ltr'>conferri</span> <span class='ocrx_word' id='word_1_155' title='bbox 934 1988 1074 2026; x_wconf 86' lang='lat' dir='ltr'>pestem</span> <span class='ocrx_word' id='word_1_156' title='bbox 1089 1982 1210 2026; x_wconf 88' lang='lat' dir='ltr'>istam,</span> <span class='ocrx_word' id='word_1_157' title='bbox 1230 1995 1341 2028; x_wconf 87' lang='lat' dir='ltr'>quam</span> 
     </span>
     <span class='ocr_line' id='line_1_23' title="bbox 160 2038 1340 2084; baseline -0.001 -8"><span class='ocrx_word' id='word_1_158' title='bbox 160 2047 197 2076; x_wconf 86' lang='lat' dir='ltr'>tu</span> <span class='ocrx_word' id='word_1_159' title='bbox 215 2040 251 2075; x_wconf 88' lang='lat' dir='ltr'>in</span> <span class='ocrx_word' id='word_1_160' title='bbox 280 2051 348 2074; x_wconf 89' lang='lat' dir='ltr'>nos</span> <span class='ocrx_word' id='word_1_161' title='bbox 378 2038 610 2072; x_wconf 88' lang='lat' dir='ltr'>machinaris.</span> <span class='ocrx_word' id='word_1_162' title='bbox 663 2047 692 2080; x_wconf 88' lang='lat'>3.</span> <span class='ocrx_word' id='word_1_163' title='bbox 720 2038 791 2071; x_wconf 89' lang='lat' dir='ltr'>¹An</span> <span class='ocrx_word' id='word_1_164' title='bbox 818 2049 904 2072; x_wconf 91' lang='lat' dir='ltr'>vero</span> <span class='ocrx_word' id='word_1_165' title='bbox 929 2038 985 2072; x_wconf 92' lang='lat' dir='ltr'>vir</span> <span class='ocrx_word' id='word_1_166' title='bbox 1009 2038 1272 2084; x_wconf 83' lang='lat' dir='ltr'>amplissimuS,</span> <span class='ocrx_word' id='word_1_167' title='bbox 1302 2041 1340 2075; x_wconf 89' lang='lat' dir='ltr'>P.</span> 
     </span>
     <span class='ocr_line' id='line_1_24' title="bbox 161 2095 1342 2143; baseline -0.001 -10"><span class='ocrx_word' id='word_1_168' title='bbox 161 2098 295 2143; x_wconf 87' lang='lat' dir='ltr'>Scipio,</span> <span class='ocrx_word' id='word_1_169' title='bbox 328 2096 491 2143; x_wconf 88' lang='lat' dir='ltr'>pontifex</span> <span class='ocrx_word' id='word_1_170' title='bbox 531 2095 724 2139; x_wconf 84' lang='lat' dir='ltr'>maximus,</span> <span class='ocrx_word' id='word_1_171' title='bbox 759 2096 813 2130; x_wconf 92' lang='lat' dir='ltr'>Ti.</span> <span class='ocrx_word' id='word_1_172' title='bbox 854 2097 1075 2140; x_wconf 82' lang='lat' dir='ltr'>Gracchum,</span> <span class='ocrx_word' id='word_1_173' title='bbox 1109 2097 1342 2133; x_wconf 85' lang='lat' dir='ltr'>mediocriter</span> 
     </span>
     <span class='ocr_line' id='line_1_25' title="bbox 159 2153 1340 2198; baseline -0.001 -7"><span class='ocrx_word' id='word_1_174' title='bbox 159 2156 441 2190; x_wconf 86' lang='lat' dir='ltr'>labefactantem</span> <span class='ocrx_word' id='word_1_175' title='bbox 467 2160 603 2188; x_wconf 84' lang='lat' dir='ltr'>statum</span> <span class='ocrx_word' id='word_1_176' title='bbox 637 2153 687 2187; x_wconf 93' lang='lat' dir='ltr'>rei</span> <span class='ocrx_word' id='word_1_177' title='bbox 715 2153 895 2198; x_wconf 86' lang='lat' dir='ltr'>publicae,</span> <span class='ocrx_word' id='word_1_178' title='bbox 929 2153 1092 2198; x_wconf 88' lang='lat' dir='ltr'>privatus</span> <span class='ocrx_word' id='word_1_179' title='bbox 1134 2154 1340 2190; x_wconf 87' lang='lat' dir='ltr'>interfecit:</span> 
     </span>
     <span class='ocr_line' id='line_1_26' title="bbox 162 2211 1342 2256; baseline -0.001 -8"><span class='ocrx_word' id='word_1_180' title='bbox 162 2212 358 2248; x_wconf 88' lang='lat' dir='ltr'>Catilinam</span> <span class='ocrx_word' id='word_1_181' title='bbox 386 2211 514 2246; x_wconf 89' lang='lat' dir='ltr'>orbem</span> <span class='ocrx_word' id='word_1_182' title='bbox 547 2218 665 2245; x_wconf 87' lang='lat' dir='ltr'>terrae</span> <span class='ocrx_word' id='word_1_183' title='bbox 694 2211 809 2245; x_wconf 87' lang='lat' dir='ltr'>caede</span> <span class='ocrx_word' id='word_1_184' title='bbox 842 2218 951 2256; x_wconf 88' lang='lat' dir='ltr'>atque</span> <span class='ocrx_word' id='word_1_185' title='bbox 986 2211 1165 2247; x_wconf 87' lang='lat' dir='ltr'>incendiis</span> <span class='ocrx_word' id='word_1_186' title='bbox 1198 2220 1342 2248; x_wconf 88' lang='lat' dir='ltr'>vastare</span> 
     </span>
    </p>
   </div>
   <div class='ocr_carea' id='block_1_4' title="bbox 160 2268 1341 2349">
    <p class='ocr_par' dir='ltr' id='par_1_4' title="bbox 160 2268 1341 2349">
     <span class='ocr_line' id='line_1_27' title="bbox 160 2268 1341 2316; baseline 0 -11"><span class='ocrx_word' id='word_1_187' title='bbox 160 2270 376 2316; x_wconf 88' lang='lat' dir='ltr'>cupientem,</span> <span class='ocrx_word' id='word_1_188' title='bbox 405 2280 474 2303; x_wconf 88' lang='lat' dir='ltr'>nos</span> <span class='ocrx_word' id='word_1_189' title='bbox 503 2268 672 2302; x_wconf 86' lang='lat' dir='ltr'>consules</span> <span class='ocrx_word' id='word_1_190' title='bbox 700 2268 948 2313; x_wconf 84' lang='lat' dir='ltr'>perferemus?</span> <span class='ocrx_word' id='word_1_191' title='bbox 1000 2271 1098 2304; x_wconf 87' lang='lat' dir='ltr'>Nam</span> <span class='ocrx_word' id='word_1_192' title='bbox 1125 2269 1200 2304; x_wconf 84' lang='lat' dir='ltr'>²illa</span> <span class='ocrx_word' id='word_1_193' title='bbox 1233 2270 1341 2305; x_wconf 86' lang='lat' dir='ltr'>nimis</span> 
     </span>
     <span class='ocr_line' id='line_1_28' title="bbox 343 2317 365 2349; baseline 0 0"><span class='ocrx_word' id='word_1_194' title='bbox 343 2317 365 2349; x_wconf 83' lang='lat'>2</span> 
     </span>
    </p>
   </div>
  </div>
 </body>
</html>
