1695 2724
296 301 342 338 18
659 311 700 338 u.
731 311 867 337 TULLII
898 310 1107 337 ctcssnoms

326 400 560 452 XL—Quid
578 408 634 436 est
653 401 762 442 enim,
783 399 957 443 Catilina,
975 399 1089 446 ⁸quod
1105 407 1142 435 te
1154 399 1234 445 jam
1251 399 1289 435 in
1305 400 1376 435 hac
1392 399 1480 435 urbe

295 452 479 494 de'l'ectare
506 459 623 504 possit
638 460 651 493 ?
702 460 745 493 In
763 470 837 504 qua
854 470 965 492 nemo
983 465 1039 493 est
1057 457 1174 492 ⁷extra
1191 457 1300 493 istam
1317 457 1482 503 conjura-

295 517 435 552 tionem
464 516 693 562 perditorum
721 516 914 550 hominum
941 515 1003 561 qui
1031 522 1067 550 te
1095 526 1169 550 non
1195 522 1346 559 metuat,
1373 526 1482 550 nemo

295 574 356 620 qui
382 586 458 609 non
477 574 608 609 oderit.
659 573 780 618 ⁸Quae
798 581 887 609 nota
905 573 1132 609 domesticae
1151 573 1387 619 turpitudinis
1409 584 1483 608 non

296 631 419 667 inusta
436 631 533 666 vitae
551 638 638 666 tuae
656 632 738 666 est?
785 631 911 674 ⁹Quod
936 630 1163 675 privatarum
1183 641 1306 665 rerum
1322 629 1484 666 dedecus

296 701 371 724 non
389 690 518 724 haeret
536 689 572 724 in
589 689 714 724 fama?
750 689 883 732 1⁰Quae
897 687 1014 723 libido
1027 689 1075 722 ab
1089 687 1215 732 oculis,
1229 688 1330 734 quod
1343 687 1485 723 facinus

297 759 319 782 a
339 746 511 781 manibus
539 757 703 792 unquam
730 745 813 789 tuis,
842 746 941 791 quod
969 745 1151 788 flagitium
1177 756 1200 779 a
1226 751 1305 780 toto
1332 756 1486 791 corpore

297 805 442 840 abfuit?
490 804 586 840 ¹¹Cui
605 811 643 840 tu
662 804 953 848 adulescentulo,
971 815 1082 850 quem
1100 804 1390 849 corruptelarum
1410 803 1486 839 ille·

297 863 418 900 cebris
447 863 639 907 irretisses,
669 875 744 898 non
774 870 836 898 aut
869 863 917 898 ad
947 863 1142 898 audaciam
1174 862 1311 897 ferrum
1344 868 1406 897 aut
1439 861 1487 896 ad

298 921 491 956 libidinem
516 921 637 956 facem
663 919 897 965 praetulisti?
949 930 1000 962 14.
1026 919 1142 963 ¹Quid
1170 919 1284 954 vero?
1331 920 1487 966 ²Nuper,

299 992 383 1015 cum
400 986 517 1014 morte
536 978 735 1024 superioris
753 978 876 1013 uxoris
895 977 999 1012 novis
1022 977 1160 1022 nuptiis
1178 977 1332 1012 domum
1355 988 1487 1013 vacue-

299 1037 460 1080 fecisses,
488 1048 612 1071 nonne
640 1036 753 1070 etiam
781 1035 853 1070 alio
881 1035 1087 1070 incredibili
1108 1035 1245 1070 scelere
1271 1035 1343 1070 hoc
1368 1035 1489 1071 scelus

300 1094 496 1130 cumulasti
511 1094 525 1128 ?
576 1094 685 1138 Quod
704 1105 772 1137 ego
787 1091 1042 1138 praetermitto
1056 1099 1092 1127 et
1106 1092 1214 1127 facile
1230 1092 1366 1138 ³pati0r
1379 1092 1488 1137 sileri,

301 1165 347 1188 ne
362 1153 398 1187 in
413 1153 485 1187 hac
503 1151 651 1187 civitate
669 1151 775 1186 ⁴tanti
793 1150 967 1186 facinoris
986 1149 1211 1194 immanitas,
1229 1156 1292 1185 aut
1306 1150 1490 1185 exstitisse

301 1219 363 1246 aut
393 1222 467 1246 non
497 1210 687 1245 vindicata
721 1221 802 1245 esse
831 1209 1009 1244 videatur.
1078 1208 1334 1243 Praetermitto
1367 1209 1491 1245 ruinas

303 1270 533 1304 fortunarum
550 1275 708 1311 tuarum,
726 1265 832 1311 ⁶quas
850 1278 979 1302 omnes
999 1266 1213 1312 impendere
1230 1266 1296 1301 tibi
1314 1267 1491 1312 proximis

306 1328 434 1363 Idibus
465 1326 604 1362 senties
624 1339 630 1361 :
662 1326 708 1361 ad
744 1326 807 1360 illa
839 1325 961 1369 venio,
997 1336 1091 1370 quae
1124 1336 1198 1359 non
1232 1325 1280 1360 ad
1309 1325 1491 1371 privatam

305 1384 545 1429 ignominiam
557 1383 729 1418 vitiorum
741 1390 899 1425 tuorum,
910 1394 984 1417 non
997 1383 1045 1417 ad
1057 1381 1301 1418 domesticam
1311 1389 1414 1418 tuam
1424 1383 1491 1418 dif-

305 1443 506 1477 ficultatem
521 1452 565 1476 ac
583 1440 859 1486 turpitudinem,
874 1441 940 1475 sed
954 1440 1001 1474 ad
1014 1451 1198 1475 summam
1211 1451 1289 1475 rem
1305 1440 1490 1487 publicam

305 1507 416 1546 atque
432 1499 496 1534 ‘ad
523 1498 689 1533 omnium
715 1504 884 1533 nostrum
906 1498 1022 1532 vitam
1040 1498 1272 1544 salutemque
1298 1497 1491 1544 pertinent.

310 1566 360 1601 15.
390 1557 565 1591 Potestne
580 1555 645 1590 tibi
659 1555 752 1589 haec
766 1555 838 1599 lux,
854 1554 1024 1599 Catilina,
1038 1561 1100 1589 aut
1114 1555 1222 1600 hujus
1235 1555 1327 1590 caeli
1345 1555 1493 1601 spiritus

306 1627 388 1650 esse
395 1615 592 1660 jucundus,
602 1614 700 1648 ¹cum
713 1612 809 1647 scias
821 1624 902 1647 esse
914 1613 1046 1647 horum
1057 1613 1257 1648 ²neminem
1268 1613 1330 1659 qui
1341 1613 1494 1658 nesciat,

307 1680 343 1708 te
359 1672 491 1718 ³pridie
512 1671 703 1705 Kalendas
717 1671 912 1715 Januarias
926 1669 1084 1715 ⁴Lepido
1097 1677 1133 1706 et
1147 1671 1256 1705 Tullo
1272 1672 1494 1707 Consulibus

309 1731 456 1766 stetisse
490 1729 527 1764 in
559 1728 725 1763 ‘comitio
759 1740 843 1763 cum
877 1729 979 1763 telo?
1032 1729 1186 1763 Manum
1226 1730 1421 1765 consulum
1457 1737 1495 1766 et

308 1789 516 1834 principum
557 1786 717 1822 civitatis
767 1786 1105 1822 interficiendorum
1155 1798 1268 1823 causa
1309 1788 1496 1833 paravisse

307 1846 449 1882 ‘sceleri
477 1857 521 1881 ac
548 1845 659 1880 furori
689 1852 751 1880 tuo
769 1856 843 1879 non
870 1852 1035 1880 mentem
1053 1845 1215 1890 aliquam
1238 1853 1301 1881 aut
1324 1845 1496 1882 timorem

309 1912 424 1948 tuum,
444 1904 510 1939 sed
528 1903 713 1938 fortunam
739 1902 864 1948 populi
889 1902 1049 1938 Romani
1076 1903 1293 1939 obstitisse?
1340 1906 1396 1940 Ac
1415 1905 1496 1950 jam

310 1963 372 1997 illa
388 1961 701 2006 omitto—'neque
727 1961 826 1995 enim
852 1968 937 1995 sunt
955 1967 1018 1995 aut
1035 1961 1194 1996 obscura
1209 1968 1272 1997 aut
1289 1973 1364 1997 non
1381 1963 1497 1998 multa

310 2019 511 2056 commissa
528 2026 660 2064 postea
676 2018 903 2065 :—quotiens
918 2025 956 2053 tu
974 2030 1034 2053 me
1046 2018 1311 2064 ⁸designatum‚
1327 2020 1497 2066 quotiens

310 2079 501 2115 consulem
515 2077 720 2113 interficere
733 2077 880 2112 voluisti
895 2079 901 2113 t
920 2084 1009 2123 quot
1022 2088 1091 2122 ego
1102 2084 1185 2113 tuas
1196 2076 1410 2124 ⁹petitiones
1420 2078 1497 2115 ¹⁰ita

311 2137 510 2182 conjectas,
528 2142 568 2170 ut
584 2135 690 2170 vitari
718 2147 828 2181 posse
854 2147 928 2170 non
955 2135 1177 2179 viderentur,
1198 2147 1312 2181 parva
1336 2136 1496 2182 quadam

312 2193 559 2229 declinatione
577 2200 624 2236 et,
643 2200 682 2228 ut
700 2193 817 2236 aiunt,
838 2204 992 2238 corpore
1010 2193 1121 2238 effugi
1140 2195 1147 2228 !
1165 2193 1254 2228 nihil
1273 2193 1499 2239 adsequeris,

283 2242 288 2249 ⁴
312 2263 432 2298 neque
459 2259 584 2286 tamen
610 2250 735 2286 conari
754 2263 796 2286 ac
815 2252 908 2286 velle
930 2250 1088 2286 desistis.
1143 2251 1192 2286 16.
1222 2252 1402 2295 Quotiens
1419 2251 1498 2288 ¹tibi

311 2310 388 2357 jam
413 2316 554 2344 extorta
580 2315 635 2344 est
660 2308 738 2344 sica
764 2309 834 2344 ista
859 2309 906 2343 de
932 2309 1129 2343 manibus!
1155 2308 1326 2355 quotiens
1350 2309 1497 2345 'excidit
