1695 2724
395 316 519 342 PRIMA
548 316 695 342 oum-10
725 316 765 341 m
797 317 828 342 L.
858 316 1092 342 οΛτιιιΝΑΜ.
1284 306 1325 342 17

146 404 311 440 Nimium
343 404 406 440 diu
438 411 474 440 te
499 405 758 450 imperatorem
792 411 855 439 tua
888 404 950 439 illa
982 404 1174 439 Manliana
1208 411 1328 440 castra

144 462 363 497 desiderant.
414 463 520 497 Educ
539 470 659 497 tecum
689 463 800 497 etiam
832 474 960 496 omnes
988 469 1083 505 tuos,
1114 461 1158 497 ³si
1190 462 1326 505 minus,

143 532 253 565 quam
271 519 470 565 plurimos}
495 531 610 565 purga
627 521 763 554 urbem.
784 521 928 564 Magno
943 532 1002 554 me
1021 527 1119 555 metu
1141 520 1326 562 liberabis,

144 576 244 611 ‘dum
269 577 381 611 modo
395 577 488 612 inter
506 588 564 611 me
583 584 693 622 atque
711 583 746 611 te
766 589 890 611 murus
917 577 1068 612 intersit.
1124 577 1328 612 Nobiscum

143 634 277 669 versari
301 633 380 679 jam
407 634 542 669 diutius
569 645 643 668 non
672 640 803 678 potes:
832 635 921 667 ⁵non
948 634 1075 676 feram,
1106 645 1180 668 non
1199 633 1329 678 patiar,

143 703 216 726 non
241 691 370 726 sinam.
417 692 575 736 ‘Magna
592 691 649 726 dis
667 691 936 726 immortalibus
947 691 1120 725 habenda
1138 697 1194 726 est
1217 698 1329 737 atque

143 750 227 786 huic
253 749 322 794 ipsi
348 748 429 794 Jovi
460 749 607 793 Statori,
633 749 891 795 antiquissimo
917 748 1061 784 custodi
1080 747 1187 794 hujus
1215 748 1327 791 urbis,

143 806 269 852 gratia,
295 806 407 852 ''quod
425 807 521 841 hanc
547 814 622 841 tam
641 813 807 849 taetram,
836 813 913 841 tam
938 806 1152 840 horribilem
1179 813 1330 852 tamque

143 865 313 899 infestam
327 864 377 899 rei
392 864 560 910 publicae
578 871 722 910 pestem
739 864 873 899 totiens
889 864 967 909 jam
982 864 1186 909 effugimus.
1226 865 1329 898 ¹’Non

143 928 197 957 est
215 921 361 966 saepius
384 922 421 956 in
443 933 519 956 uno
537 922 688 956 homine
714 933 859 956 summa
884 922 982 956 salus
1008 921 1253 966 periclitanda
1281 933 1336 967 rel

143 980 319 1025 publicae.
371 980 493 1023 Quam
523 979 585 1014 diu
614 978 717 1021 mihi,
745 978 900 1013 ⁸consuli
919 978 1125 1023 designato,
1159 978 1329 1013 Catilinai

144 1037 336 1072 insidiatus
348 1048 400 1080 ες,
410 1048 483 1071 non
498 1036 645 1082 publico
658 1048 717 1071 me
731 1036 928 1082 praesidio,
944 1037 1009 1071 sed
1023 1030 1167 1081 privata
1178 1036 1329 1080 diligen—

144 1095 193 1130 tia
210 1094 368 1129 defendi.
421 1095 514 1145 Cu—m
533 1094 709 1140 proximis
727 1094 886 1129 comitiis
901 1095 1155 1128 consularibus
1173 1106 1232 1128 me
1246 1105 1329 1129 con-

144 1153 260 1187 sulem
278 1152 340 1186 ¹⁰in
355 1163 488 1196 campo
503 1159 537 1186 et
556 1151 842 1196 ”competitores
857 1159 939 1187 tuos
954 1152 1159 1187 interficere
1173 1152 1329 1196 voluisti,

143 1211 369 1255 ¹²compressi
396 1216 550 1244 conatus
575 1216 658 1244 tuos
683 1210 843 1244 nefarios
870 1210 1073 1256 amicorum
1092 1209 1276 1254 praesidio
1294 1217 1328 1244 et
1357 1237 1363 1252 ‚

143 1267 269 1313 copiis,
280 1268 379 1302 nullo
392 1268 546 1302 tumultu
559 1267 705 1312 publice
716 1267 919 1302 concitato:
934 1267 1104 1313 denique,
1117 1267 1328 1312 ¹³quotiens-

142 1336 299 1371 cumque
315 1336 374 1359 me
392 1325 527 1370 petisti,
545 1337 610 1370 per
634 1337 693 1360 me
718 1325 783 1360 tibi
804 1326 940 1369 obstiti,
959 1325 1211 1371 l“quamquam
1229 1325 1328 1360 vide-

142 1384 228 1418 bam
242 1382 471 1431 ¹⁵pernjciem
486 1395 608 1417 meam
623 1395 706 1418 cum
720 1395 855 1428 magna
869 1383 1080 1418 calamitate
1094 1383 1329 1428 reipublicae

141 1452 223 1477 esse
251 1440 495 1486 conjunctam.
551 1451 600 1479 12·
628 1441 756 1476 ¹Nunc
781 1441 859 1486 jam
886 1448 1012 1485 aperte
1038 1452 1115 1476 rem
1142 1440 1327 1485 publicam

142 1499 349 1534 universam
385 1495 478 1543 p'etis
498 1511 505 1533 z
547 1499 686 1544 templa
728 1499 881 1533 deorum
923 1498 1197 1542 immortalium,
1231 1505 1328 1534 tecta

141 1556 252 1600 urbis,
278 1556 391 1591 vitam
417 1555 583 1590 omnium
608 1556 753 1599 civium,
779 1556 926 1591 ltaliam
953 1556 1125 1602 ²denique
1143 1563 1260 1591 totam
1282 1557 1328 1591 ad

141 1614 289 1649 exitium
306 1624 349 1648 ac
367 1613 577 1648 vastitatem
594 1625 715 1648 vocas.
748 1614 890 1658 &Quare
904 1614 1079 1659 quoniam
1095 1613 1143 1658 id,
1157 1614 1256 1659 quod
1271 1621 1325 1648 est
1336 1605 1366 1636 4

141 1672 298 1717 primum
322 1677 359 1706 et
384 1670 482 1715 quod
511 1670 619 1716 hujus
649 1670 791 1716 imperii
822 1671 1112 1717 disciplinaeque
1143 1671 1324 1716 majorum

142 1728 324 1774 proprium
351 1735 417 1771 est,
436 1728 556 1762 facere
581 1729 746 1763 nondum
772 1729 902 1772 audeo,
920 1728 1054 1763 faciam
1075 1728 1123 1772 id,
1143 1729 1240 1774 quod
1268 1736 1323 1764 est

140 1786 201 1821 ‘ad
218 1785 452 1821 severitatem
477 1785 594 1820 lenius
619 1792 654 1820 et
680 1786 728 1821 ad
754 1797 990 1821 communem
1007 1787 1164 1821 salutem
1185 1786 1319 1821 utilius.

142 1845 241 1878 Nam
259 1843 288 1878 si
305 1849 342 1878 te
360 1842 512 1878 interfici
537 1842 687 1886 jussero,
707 1843 881 1879 residebit
899 1844 936 1878 in
953 1855 992 1878 re
1006 1843 1154 1889 publica
1170 1842 1324 1889 ⁶reliqua
1443 1888 1447 1891 η

138 1901 410 1947 conjuratorum
427 1912 560 1952 magi-us
579 1913 587 1936 :
612 1900 684 1936 “sin
701 1908 751 1944 tu,
770 1901 868 1947 quod
883 1908 918 1936 te
931 1901 1010 1946 jam
1025 1902 1164 1936 dudum
1183 1902 1322 1945 hortor,
1372 1882 1461 1926 [³⁹¹⁰

138 1958 280 2002 exieris,
309 1957 557 1993 ⁷exhaurietur
585 1970 628 1993 ex
645 1959 735 1993 urbe
766 1965 911 1994 tuorum
932 1959 1108 1993 comitum
1128 1970 1265 2003 magna
1290 1966 1324 1994 et

138 2015 344 2061 perniciosa
376 2015 608 2061 reipublicae.
680 2025 729 2059 13.
766 2015 864 2059 Quid
898 2022 963 2059 est,
1008 2016 1195 2051 Catilina?
1236 2028 1324 2051 num

138 2074 283 2109 dubitas
314 2072 349 2108 id
380 2071 598 2117 ¹imperante
627 2084 687 2107 me
716 2073 848 2114 facere,
876 2073 975 2119 quod
998 2074 1076 2118 jam
1103 2080 1166 2108 tua
1192 2080 1323 2118 sponte

137 2130 338 2165 ²faciebas?
386 2130 496 2164 Exire
513 2141 557 2164 ex
575 2130 664 2164 urbe
678 2129 781 2175 jubet
795 2129 937 2164 '‘consul
955 2130 1110 2165 hostem.
1166 2131 1321 2164 Interro-

138 2200 204 2233 gas
221 2200 279 2223 me
295 2201 302 2223 ε
328 2187 430 2222 ⁴num
445 2187 482 2222 in
496 2187 642 2222 exilium
656 2189 669 2222 ?
694 2200 767 2223 non
781 2188 905 2234 jubeo,
921 2189 997 2232 sed,
1013 2188 1042 2222 si
1056 2187 1131 2223 ⁵me
1145 2188 1319 2231 consulis,
1371 2222 1380 2238 ,

138 2246 285 2280 suadeo.
