1695 2724
37 25 201 73 Ϋαῐῖῢ
250 40 286 73 3
330 25 508 77 bt'kaf«
565 29 805 86 (ὼΥἹῖῙῙῒἈ

599 80 625 101 w
633 74 660 89 ‘²

357 361 406 396 24
722 372 762 398 Μ.
783 373 931 399 -TULLn
961 374 1173 400 crcmzoms

354 461 598 506 respondebo.
650 462 746 506 Ego,
787 462 817 496 si
853 462 924 497 hoc
958 463 1138 507 optimum
1170 463 1282 498 ²factu
1314 463 1542 508 ³judicarem,

353 525 477 562 patres
496 519 706 564 conscripti,
730 520 929 554 Catilinam
948 527 1064 555 mone
1082 520 1241 564 multari,
1254 520 1375 555 *unius
1393 532 1542 556 usuram

353 576 466 610 horae
506 577 717 622 ⁵gladiatori
769 577 841 619 isti,
887 571 934 612 a'd
979 578 1180 613 vivendum
1220 590 1294 613 non
1343 578 1539 614 dedissem.

352 633 518 669 ‘Etenim
547 634 577 669 si
608 635 755 670 ⁷summi
787 635 853 670 viri
882 643 918 671 et
943 636 1138 671 clarissimi
1166 635 1266 671 cives
1293 635 1480 671 Saturnini
1505 643 1542 672 et

355 692 609 727 Gracchorum
634 701 671 728 et
704 694 831 729 Flacci
861 702 897 728 et
927 694 1157 740 superiorum
1189 694 1434 740 complurium
1458 705 1541 730 san-

352 750 463 793 guine
479 762 553 785 non
572 751 685 786 modo
702 763 742 785 se
760 763 834 785 non
852 752 1163 795 contaminarunt,
1182 752 1248 786 sed
1266 752 1379 786 etiam
1394 751 1540 787 ⁸hones-

353 815 488 851 tarunt,
509 817 607 843 certe
624 810 827 844 verendum
845 811 934 844 mihi
953 822 1028 845 non
1046 817 1137 853 erat,
1156 822 1203 845 ne
1224 810 1314 855 quid
1339 810 1409 845 hoc
1427 811 1540 856 parri-

352 866 436 900 cida
460 866 595 901 civium
620 867 813 902 interfecto
839 867 1000 903 invidiae
1025 868 1115 902 mihi
1142 867 1179 902 in
1205 867 1460 913 posteritatem
1485 879 1540 904 re·

351 925 543 959 dundaret.
599 925 741 969 Quods¹
766 937 811 960 ea
834 926 924 960 mihi
952 926 1112 960 maxime
1142 925 1384 970 impenderet,
1415 933 1539 962 tamen

351 983 421 1017 hoc
435 983 559 1017 animo
573 983 623 1017 fui
641 994 798 1028 semper,
810 990 849 1018 ut
868 983 1045 1018 invidiam
1060 983 1193 1018 virtute
1207 990 1351 1028 partam
1370 984 1538 1028 gloriam,

350 1052 424 1075 non
442 1040 620 1075 invidiam
638 1047 816 1085 putarem.
868 1050 921 1083 30.
945 1041 1197 1086 ¹Quamquam
1214 1041 1379 1075 nonnulli
1398 1048 1483 1076 sunt
1500 1042 1538 1076 in

350 1098 420 1132 hoc
446 1098 585 1141 ordine,
610 1098 685 1143 ²qui
712 1105 774 1133 aut
800 1110 844 1132 ea
869 1110 965 1144 quae
991 1097 1185 1132 imminent
1206 1109 1280 1132 non
1298 1097 1458 1141 videant,
1476 1105 1538 1134 aut

350 1167 446 1201 quae
472 1155 598 1191 vident
626 1156 885 1191 dissimulent:
923 1155 1000 1201 ³qui
1031 1167 1135 1201 spem
1158 1156 1339 1190 Catilinae
1367 1155 1538 1191 mollibus

350 1212 542 1248 sententiis
583 1213 751 1248 aluerunt
801 1213 1168 1258 conjurationemque
1208 1217 1439 1248 nascentem'
1463 1224 1537 1248 non

350 1271 536 1305 credendo
561 1271 889 1306 corroboraverunt
910 1283 917 1312 ;
953 1281 1108 1313 quorum
1133 1270 1391 1305 auctoritatem
1421 1271 1536 1306 secuti

349 1329 466 1372 multi,
492 1340 567 1363 non
595 1329 713 1363 solum
743 1328 914 1372 improbi,
937 1339 1065 1363 verum
1095 1327 1207 1363 etiam
1233 1327 1404 1372 imperiti,
1428 1327 1474 1363 ⁴si
1500 1328 1536 1364 in

348 1386 445 1421 hunc
477 1386 837 1429 animadvertissem,
862 1386 1060 1420 crudeliter
1094 1393 1129 1420 et
1163 1386 1262 1430 regie
1287 1386 1426 1420 factum
1455 1398 1536 1421 esse

349 1444 522 1479 dicerent.
576 1446 685 1479 Nunc
712 1444 899 1489 intellego,
921 1444 950 1478 si
977 1444 1057 1487 iste,
1082 1455 1154 1489 quo
1180 1443 1349 1487 intendit,
1367 1445 1404 1479 in
1429 1445 1536 1480 Man-

347 1503 446 1537 liana
459 1509 580 1537 castra
591 1501 824 1547 ⁵pervenerit,
840 1502 1027 1537 neminem
1041 1509 1118 1537 tam
1131 1502 1282 1536 stultum
1296 1502 1371 1536 sore
1385 1502 1446 1547 qui
1460 1515 1534 1538 non

347 1560 471 1594 videat
495 1560 787 1604 conjurationem
813 1571 895 1594 esse
919 1560 1067 1602 factam,
1086 1559 1274 1594 neminem
1299 1566 1374 1593 tam
1401 1560 1534 1605 impro-

346 1618 435 1652 bum
453 1617 513 1663 qui
540 1629 615 1652 non
641 1618 810 1653 fateatur.
863 1618 947 1651 Hoc
972 1623 1096 1651 autem
1119 1627 1193 1650 uno
1216 1615 1408 1651 interfecto
1430 1617 1534 1653 intel·

345 1677 427 1721 lego
450 1677 548 1712 hanc
572 1676 624 1711 rei
647 1676 818 1721 publicae
842 1682 986 1720 pestem
1002 1674 1204 1720 ‘paulisper
1221 1674 1380 1720 reprimi,
1398 1687 1472 1710 non
1495 1675 1532 1711 in

345 1741 563 1780 perpetuum
576 1733 769 1778 comprimi
784 1745 904 1778 posse.
949 1732 1092 1776 Quodsi
1106 1733 1159 1766 'sse
1173 1731 1320 1777 ejecerit
1333 1744 1532 1778 secumque

345 1802 431 1826 suos
457 1791 623 1825 eduxerit
649 1797 685 1825 et
710 1791 842 1825 eodem
869 1789 1025 1825 ⁸ceteros
1051 1789 1214 1834 undique
1239 1790 1413 1824 collectos
1441 1802 1530 1826 nau-

343 1848 466 1893 fragos
504 1847 773 1893 adgregaverit,
806 1847 1058 1892 exstinguetur
1094 1853 1204 1891 atque
1242 1846 1424 1881 delebitur
1455 1858 1530 1883 non

342 1906 454 1940 modo
479 1906 573 1940 haec
591 1905 684 1940 ⁹tam
707 1905 833 1940 adulta
856 1904 907 1939 rei
933 1904 1103 1949 publicae
1128 1903 1256 1948 pestis,
1272 1914 1400 1938 verum
1416 1904 1529 1940 etiam

342 1963 453 2009 strips
471 1975 514 1998 ac
533 1975 659 1998 semen
678 1964 859 1998 malorum
877 1962 1052 1997 omnium.

386 2044 607 2088 XIIL—31.
637 2043 788 2078 Etenim
811 2043 899 2087 ¹Jam
924 2041 1000 2085 diu,
1025 2048 1148 2087 patres
1171 2041 1384 2087 conscripti,
1407 2041 1445 2077 in
1469 2042 1527 2078 his

340 2102 510 2147 periculis
545 2102 809 2145 conjurationis
840 2100 1058 2145 insidiisque
1084 2111 1282 2143 versamur,
1309 2099 1376 2134 sed
1400 2101 1527 2136 nescio

338 2170 410 2204 quo
428 2166 538 2204 pacto
557 2159 736 2193 ²omnium
755 2159 935 2193 scelerum
948 2169 992 2192 ac
1005 2157 1139 2192 veteris
1153 2156 1284 2192 furoris
1298 2163 1334 2192 et
1346 2158 1526 2194 audaciae

336 2217 529 2251 maturitas
562 2216 600 2250 in
634 2216 750 2250 nostri
784 2216 996 2250 consulatus
1030 2221 1176 2258 tempus
1201 2213 1329 2259 erupit.
1381 2215 1524 2260 Quodsi

335 2273 391 2307 ⁸ex
409 2280 512 2308 tanto
535 2272 728 2308 latrocinio
754 2273 824 2307 iste
847 2284 941 2306 unus
965 2272 1124 2316 tolletur,
1144 2271 1352 2306 videbimur
1367 2272 1524 2310 fortasse

334 2331 380 2365 ad
408 2331 520 2365 breve
548 2331 737 2375 quoddam
767 2336 913 2374 tempus
942 2340 1030 2364 cura
1058 2336 1095 2364 et
1122 2336 1223 2364 metu
1252 2340 1333 2363 esse
1360 2331 1522 2376 relevati,

332 2388 532 2433 periculum
566 2395 690 2423 autem
724 2387 900 2422 residebit
933 2393 970 2422 et
1002 2385 1069 2422 erit
1103 2386 1286 2422 inclusum
1311 2387 1458 2432 penitus
1483 2388 1520 2424 in
