1695 2724
254 294 303 331 22
623 303 664 329 u.
695 302 829 328 TULLII
860 301 1071 328 omanoms

253 393 385 437 mavis,
420 393 595 438 egredere
637 403 721 427 cum
762 391 972 436 importuna
1015 391 1276 427 sceleratorum
1318 402 1435 426 manu.

257 453 392 489 Confer
423 459 459 487 te
492 451 540 486 ad
576 449 767 491 Manlium,
794 448 940 483 concita
965 448 1129 493 perditos
1157 448 1257 484 cives
1290 460 1440 484 secerne

254 518 291 547 te
308 523 331 547 a
348 510 467 552 bonis,
487 509 580 544 infer
597 508 737 552 patriae
754 507 903 549 bellum,
921 505 1079 541 ⁵exsulta
1105 505 1220 551 impio
1238 506 1442 544 latrocinio,

256 575 294 603 ut
312 580 335 602 a
351 579 411 602 me
427 578 502 602 non
519 565 658 610 ejectus
675 564 722 598 ad
748 563 900 607 alienos,
919 563 985 598 sed
1003 562 1178 598 invitatus
1196 563 1243 597 ad
1261 570 1344 598 tuos
1361 574 1443 598 esse

257 625 426 661 videaris.
492 633 545 666 24
572 622 824 667 ¹Quamquam
857 621 945 667 quid
971 632 1040 666 ego
1065 628 1101 656 te
1131 621 1296 664 invitem,
1324 633 1347 656 a
1371 633 1444 668 quo

255 687 332 730 jam
349 684 466 719 sciam
482 693 565 717 esse
591 680 827 727 praemissos,
847 680 922 725 ²qui
939 679 1006 714 tibi
1024 680 1073 714 ad
1100 680 1236 714 Forum
1257 680 1445 715 Aurelium

259 742 570 788 praestolarentur
599 738 761 773 armati?
811 737 878 772 Cui
908 736 1024 772 sciam
1054 737 1216 782 ³pactam
1247 744 1283 773 et
1312 738 1446 773 consti-

259 808 377 836 tutam
402 809 488 834 cum
517 795 661 831 Manlio
687 795 796 830 diem.
846 796 882 829 A
910 806 984 840 quo
1010 794 1122 829 etiam
1145 794 1322 840 ⁴aquilam
1346 795 1446 830 illam

259 863 483 903 argenteam,
502 865 614 900 quam
639 852 705 888 tibi
731 864 775 888 ac
800 852 872 888 tuis
897 852 1069 887 omnibus
1095 852 1342 898 perniciosam
1366 864 1447 888 esse

260 915 408 951 confido
433 925 477 949 ac
501 914 686 947 funestam
718 911 889 955 suturam,
913 910 986 946 ⁵cui
1012 911 1113 946 domi
1139 918 1224 947 tuae
1249 912 1448 947 sacrarium

261 974 441 1008 scelerum
473 978 618 1006 tuorum
644 969 884 1004 constitutum
916 968 992 1012 fuit,
1019 968 1135 1004 sciam
1160 980 1241 1004 esse
1275 969 1449 1015 praemis-

262 1031 370 1065 sam?
415 1029 488 1063 οΤιι
506 1035 544 1063 ut
562 1029 624 1062 illa
641 1027 778 1062 diutius
795 1038 920 1062 carere
939 1026 1071 1072 possis,
1089 1038 1200 1072 quam
1218 1026 1385 1062 venerari
1402 1027 1450 1062 ad

263 1088 418 1123 caedem
434 1085 650 1132 proficisens
669 1085 825 1128 solebas,
843 1095 867 1119 a
883 1084 987 1129 cujus
1004 1084 1194 1119 ⁷a1taribus
1212 1096 1326 1131 saepe
1342 1084 1451 1121 istam
1498 1123 1501 1125 ,

265 1146 418 1192 impiam
435 1145 624 1179 dexteram
643 1144 691 1178 ad
709 1154 840 1178 necem
858 1141 993 1177 civium
1010 1142 1237 1178 transtulisti.
1443 1153 1474 1178 st

352 1234 455 1269 .—23
508 1223 582 1258 Ibis
601 1223 752 1258 tandem
769 1222 980 1268 aliquand0,
993 1233 1067 1268 quo
1083 1229 1120 1257 te
1132 1222 1212 1268 jam
1223 1222 1367 1269 pridem
1384 1223 1453 1258 ista

266 1226 463 1329 ἐιξίἀίῖαε
481 1281 659 1316 effrenata
676 1291 720 1315 ac
737 1279 874 1314 furiosa
891 1279 1067 1325 rapiebat.
1121 1281 1254 1327 Neque
1271 1281 1371 1316 enim
1387 1280 1453 1316 tibi

268 1343 361 1377 haec
398 1351 457 1375 res
489 1339 608 1374 adfert
649 1338 826 1382 dolorem,
860 1338 927 1373 sed
960 1337 1162 1383 ²quandam
1202 1337 1454 1374 incredibilem

269 1400 505 1444 voluptatem.
569 1395 644 1430 ³Ad
681 1396 777 1429 hanc
810 1401 847 1430 te
879 1395 1080 1430 amentiam
1130 1402 1263 1430 natura
1303 1396 1456 1442 peperit,

270 1458 440 1492 voluntas
465 1453 635 1496 exercuit,
662 1453 810 1487 fortuna
835 1452 1002 1487 servavit.
1071 1453 1273 1499 Nunquam
1306 1460 1345 1489 tu
1368 1453 1456 1489 ⁴non

272 1515 383 1549 modo
399 1511 540 1555 ‘otium‚
559 1511 625 1546 sed
642 1522 687 1545 ne
700 1511 838 1545 bellum
851 1509 1013 1555 quidem,
1030 1509 1101 1545 nisi
1117 1510 1313 1545 ‘nefarium
1325 1522 1457 1547 concu-

271 1572 367 1618 pisti.
417 1569 603 1604 'Nanctus
628 1579 667 1603 es
693 1579 737 1603 ex
754 1566 906 1613 perditis
930 1573 1042 1613 atque
1059 1568 1106 1603 ab
1128 1567 1230 1603 omni
1247 1579 1322 1604 non
1346 1569 1459 1604 modo

272 1631 428 1671 fortuna,
454 1637 582 1662 verum
614 1625 727 1661 etiam
760 1636 826 1670 spe
858 1625 1043 1660 derelictis
1074 1625 1299 1670 ⁸conflatam‚
1324 1625 1459 1672 impro-

273 1689 405 1723 borum
415 1696 579 1720 manum.
627 1683 680 1718 26.
705 1682 794 1717 ¹Hic
811 1689 850 1718 tu
861 1693 935 1728 qua
947 1682 1088 1717 laetitia
1099 1683 1285 1727 perfruere
1301 1685 1309 1719 2
1326 1683 1460 1730 quibus

275 1743 420 1791 gaudiis
445 1740 667 1777 exsultabis!
687 1747 826 1786 quanta
843 1739 880 1774 in
904 1740 1093 1784 voluptate
1117 1740 1358 1785 bacchabere,
1376 1752 1460 1777 eum

277 1803 313 1837 in
339 1807 443 1837 tanto
476 1810 630 1834 numero
659 1805 824 1843 tutorum
857 1808 977 1843 neque
1010 1797 1139 1833 audies
1171 1797 1290 1833 virum
1322 1799 1461 1834 bonum

276 1869 502 1906 quemquam
513 1867 632 1902 neque
645 1854 798 1890 videbis.
850 1855 923 1889 ²Ad
936 1854 1045 1900 hujus
1055 1854 1154 1890 vitae
1170 1855 1334 1891 studium
1347 1855 1462 1892 medi-

279 1917 343 1953 tati
369 1915 419 1950 illi
444 1921 529 1950 sunt
562 1912 623 1960 qui
648 1913 813 1947 feruntur
837 1912 982 1947 labores
1007 1912 1070 1956 tui,
1099 1912 1225 1958 jacere
1248 1913 1362 1958 humi,
1387 1925 1463 1950 non

279 1975 399 2009 solum
415 1972 478 2007 ⁸ad
495 1970 741 2022 obsidendum
767 1977 944 2015 stuprum,
962 1981 1088 2005 verum
1115 1970 1228 2006 etiam
1244 1971 1306 2006 ‘ad
1321 1971 1464 2007 facinus

280 2031 504 2075 obeundum,
521 2020 674 2074 vigilare
699 2040 774 2063 non
800 2029 920 2063 solum
937 2027 1176 2064 insidiantem
1200 2040 1332 2065 somno
1356 2030 1464 2065 mari-

281 2098 414 2132 torum,
437 2099 566 2123 verum
591 2087 703 2122 etiam
727 2085 835 2120 bonis
861 2085 1073 2121 otiosorum.
1139 2087 1295 2130 ‘Habes
1322 2086 1384 2122 ubi
1408 2098 1466 2122 os-

282 2155 413 2191 tentes,
431 2145 532 2181 illam
557 2151 658 2179 tuam
676 2143 904 2189 praeclaram
930 2142 1146 2188 patientiam
1171 2143 1291 2188 famis,
1308 2143 1465 2189 frigoris,

284 2203 431 2250 inopiae
447 2213 574 2237 verum
600 2200 778 2244 omnium,
796 2198 944 2245 ‘quibus
969 2206 1004 2235 te
1020 2199 1122 2235 brevi
1147 2207 1314 2246 tempore
1338 2212 1467 2243 conec-

284 2271 363 2298 tum
380 2260 526 2296 senties.
578 2268 631 2302 27.
659 2257 835 2293 ¹Tantum
861 2257 997 2303 profeci
1015 2264 1105 2302 tum,
1130 2259 1230 2294 'cum
1246 2265 1283 2294 te
1299 2271 1322 2293 a
1338 2270 1468 2295 consu-

285 2320 362 2358 latu
378 2317 534 2364 reppuli,
553 2322 591 2352 ut
608 2315 723 2350 ⁸exsul
749 2316 870 2361 potius
888 2321 1030 2350 tentare
1056 2326 1169 2361 quam
1185 2317 1313 2352 consul
1338 2328 1469 2354 vexare
