1695 2724
435 281 560 306 Parnm
589 281 735 306 onnio
767 281 808 306 m
839 281 870 306 L.
897 280 1129 307 cunnum.
1328 270 1378 307 23

194 381 271 405 rem
288 369 486 416 puinciam
512 381 640 414 posses
664 376 775 414 atque
797 376 835 404 ut
861 368 910 412 id,
928 369 1028 415 quod
1045 375 1101 405 est
1124 369 1192 404 abs
1209 375 1246 404 te
1263 370 1374 404 scele-

195 434 270 463 rate
294 434 515 472 susceptum,
534 427 763 461 latrocinium
790 426 910 471 potius
934 438 1047 472 quam
1071 427 1209 461 bellum
1234 427 1374 462 nomin·

194 492 324 521 aretur.

240 555 471 590 XI.,-—Nunc
487 561 526 590 ut
543 566 565 589 a
582 566 652 598 me,
671 561 794 600 patres
817 555 1029 601 conscripti,
1048 555 1237 600 quandam
1263 565 1376 600 prope

193 604 328 659 justam
353 613 493 658 patriae
519 613 788 658 querimoniam
813 613 989 648 ⁴detester
1013 625 1057 648 ac
1082 614 1272 658 deprecer,
1297 624 1376 659 per-

195 671 315 716 cipite,
328 672 489 716 ⁵quae50,
505 671 700 715 diligenter
712 682 806 717 quae
824 671 958 714 dicam,
973 678 1009 706 et
1024 683 1068 705 ea
1086 670 1231 716 penitus
1245 671 1376 705 animis

194 728 325 763 vestris
343 727 601 773 mentibusque
626 728 811 763 mandate.
867 727 1016 763 Etenim
1034 728 1064 762 si
1082 739 1230 762 mecum
1248 728 1376 773 patria,

195 796 290 831 quae
312 784 402 820 mihi
432 784 507 820 vita
532 796 616 820 mea
645 786 760 820 multo
784 785 902 820 carior
920 792 988 829 est,
1009 785 1039 820 si
1057 792 1191 820 cuncta
1211 784 1327 828 Italia,
1347 784 1376 819 si

195 842 315 877 omnis
342 853 399 877 res
427 842 574 887 publica
603 841 655 876 sic
684 842 892 887 “loquatur3
918 841 927 858 ⁴
943 843 994 876 M.
1023 841 1133 884 Tulli,
1164 841 1253 888 quid
1270 841 1378 886 agis?

195 899 315 933 '‘Tune
333 910 428 942 eum,
447 910 558 944 quem
580 909 662 933 esse
690 898 837 933 hostem
866 898 1090 943 comperisti,
1108 909 1220 943 quem
1244 898 1377 933 ducem

195 960 279 993 belli
312 959 473 993 futurum
506 957 621 1002 vides,
655 969 766 1003 quem
801 957 1005 1003 exspectari
1047 958 1307 1003 imperatorem
1340 958 1377 992 in

196 1016 326 1052 castris
365 1016 527 1051 hostium
568 1016 693 1060 sentis,
735 1023 922 1051 auctorem
965 1016 1125 1060 sceleris,
1161 1016 1377 1062 principem,

197 1074 469 1120 conjurationis,
480 1075 727 1108 ⁸evocatorem
742 1085 930 1109 servorum
942 1080 978 1109 et
992 1075 1126 1108 civium
1140 1074 1377 1119 perditorum,

197 1127 294 1167 exire'
312 1131 460 1177 patiere,
475 1138 514 1166 ut
532 1132 598 1166 abs
617 1138 652 1166 te
669 1143 743 1165 non
760 1130 932 1166 ⁹emissus
946 1143 990 1166 ex
1007 1132 1108 1175 urbe,
1126 1131 1192 1166 sed
1210 1131 1377 1167 immisus

197 1189 234 1224 in
252 1190 380 1224 urbem
398 1188 592 1223 videatur?
634 1189 769 1223 Nonne
783 1187 906 1223 ¹⁰hunc
921 1188 958 1223 in
972 1189 1118 1223 vincula
1131 1188 1226 1231 duci,
1241 1200 1315 1224 non
1329 1190 1377 1224 ad

197 1253 353 1282 mortem
380 1246 469 1291 rapi,
493 1258 567 1280 non
591 1257 735 1281 summo
758 1246 938 1291 supplicio
955 1245 1136 1281 ”mactari
1153 1245 1378 1291 imperabis?

199 1306 250 1340 28.
289 1304 387 1350 Quid
416 1303 581 1339 ¹tandem
605 1311 642 1338 te
668 1304 849 1349 impedit?
899 1305 1033 1339 Mosne
1058 1303 1267 1348 majorum?
1315 1305 1377 1340 ’At

198 1373 373 1407 persaepe
390 1361 502 1396 etiam
520 1361 651 1406 privati
669 1360 706 1395 in
724 1362 795 1396 hac
812 1372 850 1396 re
868 1361 1016 1407 publica
1036 1361 1263 1406 pemiciosos
1279 1362 1378 1398 cives

198 1427 315 1456 morte
347 1419 556 1454 multarunt.
605 1417 679 1453 ³An
709 1419 822 1463 leges,
850 1430 945 1464 quae
973 1419 1020 1454 de
1050 1419 1184 1454 civium
1215 1421 1378 1455 Roman·

197 1489 303 1512 orum
320 1475 499 1522 supplicio
525 1482 675 1520 rogatae
696 1476 807 1511 sunt?
853 1477 903 1510 At
926 1487 1115 1521 nunquam
1133 1475 1171 1510 in
1188 1477 1259 1512 hac
1277 1477 1377 1522 urbe,

198 1533 260 1580 qui
285 1545 308 1569 a
323 1545 363 1568 re
380 1532 527 1579 publica
551 1533 777 1575 defecerunt,
803 1532 938 1567 civium
956 1533 1040 1578 jura
1065 1539 1269 1569 tenuerunt.
1318 1536 1377 1570 An

198 1592 371 1626 invidiam
406 1590 632 1636 posteritatis
661 1590 795 1625 times?
846 1590 1097 1626 ⁶Praeclaram
1122 1602 1210 1626 vero
1242 1593 1378 1638 populo

199 1652 370 1685 Romano
395 1649 507 1683 refers
529 1648 699 1692 gratiam,
724 1647 786 1693 qui
810 1654 856 1691 te,
874 1648 1079 1683 ⁶hominem
1103 1660 1168 1694 per
1192 1656 1229 1684 te
1253 1650 1377 1695 cogni-

198 1716 286 1751 tum,
304 1708 404 1742 nulla
420 1706 743 1742 commendatione
760 1706 942 1752 majorum
959 1714 1037 1742 tam
1054 1715 1198 1743 mature
1214 1709 1263 1743 ad
1282 1720 1378 1744 sum·

198 1778 300 1802 mum
325 1764 519 1810 imperium
551 1776 617 1810 per
641 1775 769 1799 ornnes
802 1765 985 1800 honorum
1017 1765 1154 1809 gradus
1181 1766 1320 1810 extulit,
1348 1766 1378 1802 si

198 1823 362 1869 ⁷propter
389 1821 565 1856 invidiam
598 1828 660 1856 aut
693 1821 846 1867 alicujus
876 1823 1027 1868 periculi
1056 1830 1195 1858 metum
1224 1824 1380 1860 salutem

200 1880 334 1916 civium
361 1886 506 1914 tuorum
539 1879 715 1924 neglegis.
766 1889 819 1923 29.
849 1880 923 1914 Sed
953 1879 982 1914 si
1016 1880 1098 1925 quis
1132 1887 1187 1916 est
1220 1881 1381 1917 invidiae

200 1945 331 1982 metus,
360 1936 462 1972 ¹num
491 1944 547 1972 est
572 1937 826 1971 vehementius
853 1937 1059 1972 severitatis
1084 1949 1129 1973 ac
1157 1938 1380 1975 fortitudinis

201 1996 338 2031 invidia
359 2006 470 2040 quam
495 1993 647 2029 inertiae
673 2005 716 2028 ac
741 1994 926 2039 nequitiae
950 1994 1273 2039 pertimescenda?
1320 1997 1380 2032 An

200 2066 284 2091 cum
323 2053 420 2088 bello
454 2051 658 2087 vastabitur
701 2051 819 2095 ltalia,
859 2052 1088 2087 vexabuntur
1128 2054 1248 2097 urbes,
1283 2060 1381 2090 tecta

199 2113 393 2155 ardebunt,
408 2117 487 2146 tum
504 2116 540 2145 te
557 2120 632 2144 non
656 2108 844 2144 existimas
870 2109 1031 2144 invidiae
1051 2110 1223 2145 incendio
1246 2112 1380 2147 confla-

200 2168 409 2214 graturum?

247 2230 460 2267 XII.——His
494 2241 565 2275 ego
599 2227 844 2264 sanctissimis
881 2228 932 2264 rei
962 2228 1132 2274 publicae
1160 2230 1314 2266 vocibus
1346 2238 1381 2268 et

201 2301 326 2326 eorum
343 2288 548 2332 hominum,
565 2287 627 2332 qui
649 2287 719 2322 hoc
745 2287 845 2322 idem
868 2287 1042 2331 sentiunt,
1060 2287 1248 2324 mentibus
1264 2300 1383 2335 pauca
